Timestamp,Type,Mapping,Action,Side,Price,Size,Depth,OrderId,Condition,Reset,FieldName,FieldType,FieldValue,MessageNumber
2021-11-01 13:00:00.105000,MBO,1,ACTION_CLEAR,SIDE_BID,0.0,0,,1635767975675588086,,False,,,,2
2021-11-01 13:00:00.105000,MBO,1,ACTION_CLEAR,,0.0,0,,1635767975625310924,,False,,,,3
2021-11-01 13:00:00.127000,MBO,1,ACTION_CLEAR,,0.0,0,,1635767975664228892,,False,,,,4
2021-11-01 13:00:00.127000,MBO,1,ACTION_SET,SIDE_BID,59.57,87,,1635768000120890824,,False,,,,5
2021-11-01 13:00:00.158200,MBO,1,ACTION_CLEAR,SIDE_BID,0.0,0,,1635767999929106559,,False,,,,6
2021-11-01 13:00:00.166100,MBO,1,ACTION_SET,SIDE_BID,59.57,38,,1635768000161936784,,False,,,,7
2021-11-01 13:00:00.201000,MBO,1,ACTION_CLEAR,SIDE_BID,0.0,0,,1635767995882680028,,False,,,,8
2021-11-01 13:00:00.201000,MBO,1,ACTION_CLEAR,SIDE_BID,0.0,0,,1635767891860213453,,False,,,,9
2021-11-01 13:00:00.278000,MBO,1,ACTION_CLEAR,SIDE_BID,0.0,0,,1635768000161936784,,False,,,,10
2021-11-01 13:00:00.310000,MBO,1,ACTION_SET,SIDE_BID,59.57,38,,1635768000290920973,,False,,,,11
2021-11-01 13:00:00.310000,MBO,1,ACTION_CLEAR,SIDE_BID,0.0,0,,1635768000290920973,,False,,,,12
2021-11-01 13:00:00.365300,MBO,1,ACTION_SET,,59.61,77,,1635768000350237135,,False,,,,13
2021-11-01 13:00:00.398200,MBO,1,ACTION_CLEAR,SIDE_BID,0.0,0,,1635768000120890824,,False,,,,14
2021-11-01 13:00:00.409800,MBO,1,ACTION_SET,,59.58,41,,1635768000394438460,,False,,,,15
2021-11-01 13:00:00.447800,MBO,1,ACTION_CLEAR,,0.0,0,,1635768000394438460,,False,,,,16
2021-11-01 13:00:00.706100,MBO,1,ACTION_SET,SIDE_BID,59.57,87,,1635768000673819712,,False,,,,17
2021-11-01 13:00:01.128500,MBO,1,ACTION_CLEAR,SIDE_BID,0.0,0,,1635767980366104721,,False,,,,18
2021-11-01 13:00:01.128500,MBO,1,ACTION_SET,SIDE_BID,59.41,114,,1635768001122349235,,False,,,,19
2021-11-01 13:00:01.804100,FLD,0,,,,,,,,False,FIELD_TRADE_PRICE,double_value,59.57,20
2021-11-01 13:00:01.804100,FLD,0,,,,,,,,False,FIELD_TRADE_SIZE,long_value,93,20
2021-11-01 13:00:01.804100,FLD,0,,,,,,,,False,FIELD_TRADING_CONDITION,string_value,0,20
2021-11-01 13:00:01.804100,FLD,0,,,,,,,,False,FIELD_TRADE_ID,string_value,1200017592562925957,20
2021-11-01 13:00:01.804100,FLD,0,,,,,,,,False,FIELD_TRADE_PRICE,double_value,59.57,21
2021-11-01 13:00:01.804100,FLD,0,,,,,,,,False,FIELD_TRADE_SIZE,long_value,26,21
2021-11-01 13:00:01.804100,FLD,0,,,,,,,,False,FIELD_TRADING_CONDITION,string_value,0,21
2021-11-01 13:00:01.804100,FLD,0,,,,,,,,False,FIELD_TRADE_ID,string_value,1200017592562925957,21
2021-11-01 13:00:01.809000,MBO,1,ACTION_CLEAR,SIDE_BID,0.0,0,,1635767998755563948,,False,,,,22
2021-11-01 13:00:01.809000,MBO,1,ACTION_SET,SIDE_BID,59.57,87,,1635768000673819712,,False,,,,23
2021-11-01 13:00:01.809000,MBO,1,ACTION_SET,SIDE_BID,59.57,61,,1635768000673819712,,False,,,,24
2021-11-01 13:00:01.809000,MBO,1,ACTION_CLEAR,SIDE_BID,0.0,0,,1635767998743772024,,False,,,,25
2021-11-01 13:00:01.809000,MBO,1,ACTION_CLEAR,SIDE_BID,0.0,0,,1635767998743849520,,False,,,,26
2021-11-01 13:00:01.809000,MBO,1,ACTION_SET,,59.58,105,,1635768001759349045,,False,,,,27
2021-11-01 13:00:01.809000,MBO,1,ACTION_CLEAR,SIDE_BID,0.0,0,,1635768000673819712,,False,,,,28
2021-11-01 13:00:01.809000,MBO,1,ACTION_SET,SIDE_BID,59.56,174,,1635767916615632846,,False,,,,29
2021-11-01 13:00:01.809000,MBO,1,ACTION_SET,,59.58,125,,1635768001759375137,,False,,,,30
2021-11-01 13:00:01.809000,MBO,1,ACTION_SET,,59.58,41,,1635768001759387394,,False,,,,31
2021-11-01 13:00:01.809000,MBO,1,ACTION_CLEAR,SIDE_BID,0.0,0,,1635767998743518991,,False,,,,32
2021-11-01 13:00:01.809000,MBO,1,ACTION_SET,,59.57,125,,1635768001759431770,,False,,,,33
2021-11-01 13:00:01.809000,MBO,1,ACTION_SET,,59.57,110,,1635768001759447532,,False,,,,34
2021-11-01 13:00:01.809000,MBO,1,ACTION_CLEAR,SIDE_BID,0.0,0,,1635767998743432989,,False,,,,35
2021-11-01 13:00:01.809000,MBO,1,ACTION_SET,SIDE_BID,58.37,32,,1635768001759471228,,False,,,,36
2021-11-01 13:00:01.809000,MBO,1,ACTION_SET,SIDE_BID,59.55,61,,1635768001759508887,,False,,,,37
2021-11-01 13:00:01.809000,MBO,1,ACTION_SET,,59.58,168,,1635768001759521718,,False,,,,38
2021-11-01 13:00:01.809000,MBO,1,ACTION_CLEAR,SIDE_BID,0.0,0,,1635767997776867222,,False,,,,39
2021-11-01 13:00:01.809000,MBO,1,ACTION_CLEAR,SIDE_BID,0.0,0,,1635767998804876860,,False,,,,40
2021-11-01 13:00:01.809000,MBO,1,ACTION_CLEAR,,0.0,0,,1635767950031466067,,False,,,,41
2021-11-01 13:00:01.809000,MBO,1,ACTION_SET,,59.88,167,,1635768001760248744,,False,,,,42
2021-11-01 13:00:01.809000,MBO,1,ACTION_SET,,59.6,90,,1635768001760332543,,False,,,,43
2021-11-01 13:00:01.809000,MBO,1,ACTION_SET,SIDE_BID,59.56,61,,1635768001760339429,,False,,,,44
2021-11-01 13:00:01.809000,MBO,1,ACTION_CLEAR,SIDE_BID,0.0,0,,1635767999862283408,,False,,,,45
2021-11-01 13:00:01.809000,MBO,1,ACTION_SET,,59.57,35,,1635768001760446676,,False,,,,46
2021-11-01 13:00:01.809000,MBO,1,ACTION_CLEAR,,0.0,0,,1635767998743539978,,False,,,,47
2021-11-01 13:00:01.809000,MBO,1,ACTION_CLEAR,SIDE_BID,0.0,0,,1635767998743340033,,False,,,,48
2021-11-01 13:00:01.809000,MBO,1,ACTION_SET,SIDE_BID,59.56,96,,1635768001779949854,,False,,,,49
2021-11-01 13:00:01.845700,MBO,1,ACTION_CLEAR,,0.0,0,,1635768001760446676,,False,,,,50
2021-11-01 13:00:01.868200,MBO,1,ACTION_SET,,59.59,101,,1635768001849922654,,False,,,,51
2021-11-01 13:00:01.968900,MBO,1,ACTION_SET,,59.57,35,,1635768001955807274,,False,,,,52
2021-11-01 13:00:02.712100,MBO,1,ACTION_CLEAR,SIDE_BID,0.0,0,,1635768001760339429,,False,,,,53
2021-11-01 13:00:03.116300,MBO,1,ACTION_SET,SIDE_BID,59.56,61,,1635768003081734160,,False,,,,54
2021-11-01 13:00:03.116300,MBO,1,ACTION_CLEAR,,0.0,0,,1635768001759431770,,False,,,,55
2021-11-01 13:00:03.116300,MBO,1,ACTION_SET,,59.57,110,,1635768001759447532,,False,,,,56
2021-11-01 13:00:03.116300,MBO,1,ACTION_CLEAR,,0.0,0,,1635768001955807274,,False,,,,57
2021-11-01 13:00:03.116300,MBO,1,ACTION_CLEAR,,0.0,0,,1635768001759447532,,False,,,,58
2021-11-01 13:00:03.116300,MBO,1,ACTION_SET,,59.58,219,,1635767974590761712,,False,,,,59
2021-11-01 13:00:03.153000,MBO,1,ACTION_SET,SIDE_BID,59.55,101,,1635768003109941026,,False,,,,60
2021-11-01 13:00:03.153000,MBO,1,ACTION_CLEAR,,0.0,0,,1635768001760332543,,False,,,,61
2021-11-01 13:00:03.466700,MBO,1,ACTION_SET,SIDE_BID,59.56,72,,1635768003450836959,,False,,,,62
2021-11-01 13:00:03.466700,MBO,1,ACTION_SET,,59.58,35,,1635768003450901256,,False,,,,63
2021-11-01 13:00:03.537100,MBO,1,ACTION_SET,,59.58,100,,1635768003512778327,,False,,,,64
2021-11-01 13:00:03.537100,MBO,1,ACTION_SET,,59.57,125,,1635768003512822150,,False,,,,65
2021-11-01 13:00:03.537100,MBO,1,ACTION_CLEAR,,0.0,0,,1635767998743570833,,False,,,,66
2021-11-01 13:00:03.537100,MBO,1,ACTION_SET,,59.58,21,,1635768003512859443,,False,,,,67
2021-11-01 13:00:03.537100,MBO,1,ACTION_CLEAR,SIDE_BID,0.0,0,,1635768003109941026,,False,,,,68
2021-11-01 13:00:03.588400,MBO,1,ACTION_SET,SIDE_BID,59.56,37,,1635768003531933101,,False,,,,69
2021-11-01 13:00:03.588400,MBO,1,ACTION_CLEAR,,0.0,0,,1635768003512822150,,False,,,,70
2021-11-01 13:00:03.588400,MBO,1,ACTION_SET,,59.58,219,,1635767974590761712,,False,,,,71
2021-11-01 13:00:03.588400,MBO,1,ACTION_SET,SIDE_BID,59.56,33,,1635768003532090467,,False,,,,72
2021-11-01 13:00:03.588400,MBO,1,ACTION_CLEAR,,0.0,0,,1635768001759521718,,False,,,,73
2021-11-01 13:00:03.588400,MBO,1,ACTION_CLEAR,,0.0,0,,1635768003512859443,,False,,,,74
2021-11-01 13:00:03.588400,MBO,1,ACTION_SET,,60.77,21,,1635768003542097709,,False,,,,75
2021-11-01 13:00:03.687300,MBO,1,ACTION_SET,SIDE_BID,59.55,101,,1635768003634944994,,False,,,,76
2021-11-01 13:00:03.687300,MBO,1,ACTION_CLEAR,,0.0,0,,1635768003512778327,,False,,,,77
2021-11-01 13:00:04.081700,MBO,1,ACTION_SET,,59.58,168,,1635768004033104586,,False,,,,78
2021-11-01 13:00:04.121100,MBO,1,ACTION_SET,,59.58,100,,1635768004106992804,,False,,,,79
2021-11-01 13:00:04.831100,MBO,1,ACTION_SET,,59.57,125,,1635768004794819267,,False,,,,80
2021-11-01 13:00:04.831100,MBO,1,ACTION_CLEAR,SIDE_BID,0.0,0,,1635768003634944994,,False,,,,81
2021-11-01 13:00:04.831100,MBO,1,ACTION_CLEAR,SIDE_BID,0.0,0,,1635768003531933101,,False,,,,82
2021-11-01 13:00:04.831100,MBO,1,ACTION_CLEAR,SIDE_BID,0.0,0,,1635768003081734160,,False,,,,83
2021-11-01 13:00:04.831100,MBO,1,ACTION_SET,SIDE_BID,59.56,98,,1635768004795537157,,False,,,,84
2021-11-01 13:00:05.539700,MBO,1,ACTION_SET,,59.57,85,,1635768004794819267,,False,,,,85
2021-11-01 13:00:05.539700,MBO,1,ACTION_CLEAR,,0.0,0,,1635768004794819267,,False,,,,86
2021-11-01 13:00:05.539700,MBO,1,ACTION_SET,,59.58,219,,1635767974590761712,,False,,,,87
2021-11-01 13:00:05.539700,MBO,1,ACTION_CLEAR,,0.0,0,,1635767995359326667,,False,,,,88
2021-11-01 13:00:05.539700,FLD,0,,,,,,,,False,FIELD_TRADE_PRICE,double_value,59.57,89
2021-11-01 13:00:05.539700,FLD,0,,,,,,,,False,FIELD_TRADE_SIZE,long_value,40,89
2021-11-01 13:00:05.539700,FLD,0,,,,,,,,False,FIELD_TRADING_CONDITION,string_value,0,89
2021-11-01 13:00:05.539700,FLD,0,,,,,,,,False,FIELD_TRADE_ID,string_value,1200055254348405957,89
2021-11-01 13:00:05.648300,MBO,1,ACTION_SET,SIDE_BID,59.55,101,,1635768005629969972,,False,,,,90
2021-11-01 13:00:05.673200,MBO,1,ACTION_SET,,59.68,400,,1635768005652659218,,False,,,,91
2021-11-01 13:00:05.796600,MBO,1,ACTION_SET,SIDE_BID,59.52,99,,1635768005759464793,,False,,,,92
2021-11-01 13:00:05.916400,MBO,1,ACTION_CLEAR,,0.0,0,,1635768004033104586,,False,,,,93
2021-11-01 13:00:05.916400,MBO,1,ACTION_CLEAR,,0.0,0,,1635768001759375137,,False,,,,94
2021-11-01 13:00:05.916400,MBO,1,ACTION_CLEAR,,0.0,0,,1635768004106992804,,False,,,,95
2021-11-01 13:00:05.916400,MBO,1,ACTION_SET,SIDE_BID,59.56,100,,1635768005906749478,,False,,,,96
2021-11-01 13:00:05.916400,MBO,1,ACTION_SET,SIDE_BID,59.56,168,,1635768005906793524,,False,,,,97
2021-11-01 13:00:05.916400,MBO,1,ACTION_CLEAR,,0.0,0,,1635768001759387394,,False,,,,98
2021-11-01 13:00:05.916400,MBO,1,ACTION_CLEAR,SIDE_BID,0.0,0,,1635768001759471228,,False,,,,99
2021-11-01 13:00:05.916400,MBO,1,ACTION_SET,SIDE_BID,59.56,32,,1635768005906907550,,False,,,,100
2021-11-01 13:00:05.916400,MBO,1,ACTION_SET,,59.58,43,,1635768005908272138,,False,,,,101
2021-11-01 13:00:05.927600,MBO,1,ACTION_CLEAR,,0.0,0,,1635768001759349045,,False,,,,102
2021-11-01 13:00:06.733700,MBO,1,ACTION_CLEAR,,0.0,0,,1635768005908272138,,False,,,,103
2021-11-01 13:00:06.733700,MBO,1,ACTION_SET,SIDE_BID,59.56,35,,1635768006701952990,,False,,,,104
2021-11-01 13:00:06.818500,MBO,1,ACTION_SET,SIDE_BID,59.56,94,,1635768006766280883,,False,,,,105
2021-11-01 13:00:06.818500,MBO,1,ACTION_CLEAR,SIDE_BID,0.0,0,,1635768005759464793,,False,,,,106
2021-11-01 13:00:06.983100,MBO,1,ACTION_SET,,59.58,43,,1635768006932961035,,False,,,,107
2021-11-01 13:00:06.983100,MBO,1,ACTION_CLEAR,SIDE_BID,0.0,0,,1635768005906793524,,False,,,,108
2021-11-01 13:00:06.983100,MBO,1,ACTION_SET,,59.58,162,,1635768006933047115,,False,,,,109
2021-11-01 13:00:06.983100,MBO,1,ACTION_CLEAR,SIDE_BID,0.0,0,,1635768005906749478,,False,,,,110
2021-11-01 13:00:06.983100,MBO,1,ACTION_CLEAR,SIDE_BID,0.0,0,,1635768006701952990,,False,,,,111
2021-11-01 13:00:06.983100,MBO,1,ACTION_CLEAR,SIDE_BID,0.0,0,,1635768005906907550,,False,,,,112
2021-11-01 13:00:06.983100,MBO,1,ACTION_SET,SIDE_BID,58.37,32,,1635768006933164508,,False,,,,113
2021-11-01 13:00:06.983100,MBO,1,ACTION_SET,,59.58,100,,1635768006954567281,,False,,,,114
2021-11-01 13:00:06.988400,MBO,1,ACTION_SET,,59.58,44,,1635768006962220512,,False,,,,115
2021-11-01 13:00:06.988400,MBO,1,ACTION_SET,,59.58,36,,1635768006962307267,,False,,,,116
2021-11-01 13:00:09.680000,MBO,1,ACTION_SET,,59.58,100,,1635768009672073788,,False,,,,117
2021-11-01 13:00:10.014300,MBO,1,ACTION_CLEAR,SIDE_BID,0.0,0,,1635768003532090467,,False,,,,118
2021-11-01 13:00:10.014300,MBO,1,ACTION_CLEAR,SIDE_BID,0.0,0,,1635768003450836959,,False,,,,119
2021-11-01 13:00:10.458500,MBO,1,ACTION_SET,SIDE_BID,59.55,137,,1635768010446817981,,False,,,,120
2021-11-01 13:00:10.458500,MBO,1,ACTION_SET,SIDE_BID,59.54,205,,1635768010447503230,,False,,,,121
2021-11-01 13:00:11.385300,MBO,1,ACTION_SET,SIDE_BID,59.56,35,,1635768011360985677,,False,,,,122
2021-11-01 13:00:12.300100,MBO,1,ACTION_CLEAR,,0.0,0,,1635768006932961035,,False,,,,123
2021-11-01 13:00:12.300100,MBO,1,ACTION_CLEAR,,0.0,0,,1635768006933047115,,False,,,,124
2021-11-01 13:00:12.300100,MBO,1,ACTION_CLEAR,,0.0,0,,1635768006954567281,,False,,,,125
2021-11-01 13:00:12.300100,MBO,1,ACTION_SET,SIDE_BID,59.56,100,,1635768012287028763,,False,,,,126
2021-11-01 13:00:12.300100,MBO,1,ACTION_SET,SIDE_BID,59.56,162,,1635768012287076399,,False,,,,127
2021-11-01 13:00:12.300100,MBO,1,ACTION_CLEAR,SIDE_BID,0.0,0,,1635768006933164508,,False,,,,128
2021-11-01 13:00:12.300100,MBO,1,ACTION_SET,SIDE_BID,59.56,32,,1635768012287207932,,False,,,,129
2021-11-01 13:00:12.300100,MBO,1,ACTION_SET,SIDE_BID,59.56,46,,1635768012287853043,,False,,,,130
2021-11-01 13:00:12.353000,MBO,1,ACTION_SET,SIDE_BID,59.56,49,,1635768012320706968,,False,,,,131
2021-11-01 13:00:12.353000,MBO,1,ACTION_CLEAR,SIDE_BID,0.0,0,,1635767950000737933,,False,,,,132
2021-11-01 13:00:12.353000,MBO,1,ACTION_SET,SIDE_BID,59.56,19,,1635768012320777232,,False,,,,133
2021-11-01 13:00:12.429200,MBO,1,ACTION_SET,SIDE_BID,59.57,125,,1635768012409259338,,False,,,,134
2021-11-01 13:00:12.429200,MBO,1,ACTION_SET,SIDE_BID,59.57,98,,1635768012409323240,,False,,,,135
2021-11-01 13:00:12.429200,MBO,1,ACTION_CLEAR,,0.0,0,,1635768001849922654,,False,,,,136
2021-11-01 13:00:12.429200,MBO,1,ACTION_SET,SIDE_BID,59.55,84,,1635768012409372948,,False,,,,137
2021-11-01 13:00:12.429200,MBO,1,ACTION_CLEAR,SIDE_BID,0.0,0,,1635768004795537157,,False,,,,138
2021-11-01 13:00:12.429200,MBO,1,ACTION_CLEAR,,0.0,0,,1635767995076571359,,False,,,,139
2021-11-01 13:00:12.429200,MBO,1,ACTION_CLEAR,,0.0,0,,1635768009672073788,,False,,,,140
2021-11-01 13:00:12.429200,MBO,1,ACTION_CLEAR,,0.0,0,,1635768003450901256,,False,,,,141
2021-11-01 13:00:12.429200,MBO,1,ACTION_SET,SIDE_BID,59.57,34,,1635768012414088631,,False,,,,142
2021-11-01 13:00:12.429200,MBO,1,ACTION_CLEAR,SIDE_BID,0.0,0,,1635768011360985677,,False,,,,143
2021-11-01 13:00:12.429200,MBO,1,ACTION_SET,SIDE_BID,59.57,96,,1635768012419368279,,False,,,,144
2021-11-01 13:00:12.473200,MBO,1,ACTION_CLEAR,SIDE_BID,0.0,0,,1635768001779949854,,False,,,,145
2021-11-01 13:00:12.528500,MBO,1,ACTION_CLEAR,,0.0,0,,1635768006962220512,,False,,,,146
2021-11-01 13:00:12.528500,MBO,1,ACTION_CLEAR,,0.0,0,,1635768006962307267,,False,,,,147
2021-11-01 13:00:12.617600,MBO,1,ACTION_CLEAR,SIDE_BID,0.0,0,,1635767999433335887,,False,,,,148
2021-11-01 13:00:12.844100,MBO,1,ACTION_CLEAR,SIDE_BID,0.0,0,,1635768010447503230,,False,,,,149
2021-11-01 13:00:12.844100,MBO,1,ACTION_SET,SIDE_BID,59.54,91,,1635768012834067195,,False,,,,150
2021-11-01 13:00:12.856600,MBO,1,ACTION_CLEAR,,0.0,0,,1635767974590761712,,False,,,,151
2021-11-01 13:00:12.856600,MBO,1,ACTION_SET,,59.58,217,,1635767991597401392,,False,,,,152
2021-11-01 13:00:12.856600,MBO,1,ACTION_CLEAR,,0.0,0,,1635767991597401392,,False,,,,153
2021-11-01 13:00:12.856600,MBO,1,ACTION_SET,,59.58,34,,1635767999081411229,,False,,,,154
2021-11-01 13:00:12.856600,MBO,1,ACTION_CLEAR,,0.0,0,,1635767999081411229,,False,,,,155
2021-11-01 13:00:12.856600,MBO,1,ACTION_SET,,59.59,125,,1635767974536621687,,False,,,,156
2021-11-01 13:00:12.856600,MBO,1,ACTION_SET,,59.58,219,,1635768012845432376,,False,,,,157
2021-11-01 13:00:12.856600,MBO,1,ACTION_SET,SIDE_BID,59.57,110,,1635768012845580371,,False,,,,158
2021-11-01 13:00:12.856600,MBO,1,ACTION_SET,SIDE_BID,59.51,490,,1635768012846696356,,False,,,,159
2021-11-01 13:00:12.861900,FLD,0,,,,,,,,False,FIELD_TRADE_PRICE,double_value,59.58,160
2021-11-01 13:00:12.861900,FLD,0,,,,,,,,False,FIELD_TRADE_SIZE,long_value,219,160
2021-11-01 13:00:12.861900,FLD,0,,,,,,,,False,FIELD_TRADING_CONDITION,string_value,0,160
2021-11-01 13:00:12.861900,FLD,0,,,,,,,,False,FIELD_TRADE_ID,string_value,1200128454323755958,160
2021-11-01 13:00:12.861900,FLD,0,,,,,,,,False,FIELD_TRADE_PRICE,double_value,59.58,161
2021-11-01 13:00:12.861900,FLD,0,,,,,,,,False,FIELD_TRADE_SIZE,long_value,217,161
2021-11-01 13:00:12.861900,FLD,0,,,,,,,,False,FIELD_TRADING_CONDITION,string_value,0,161
2021-11-01 13:00:12.861900,FLD,0,,,,,,,,False,FIELD_TRADE_ID,string_value,1200128454323755958,161
2021-11-01 13:00:12.861900,FLD,0,,,,,,,,False,FIELD_TRADE_PRICE,double_value,59.58,162
2021-11-01 13:00:12.861900,FLD,0,,,,,,,,False,FIELD_TRADE_SIZE,long_value,34,162
2021-11-01 13:00:12.861900,FLD,0,,,,,,,,False,FIELD_TRADING_CONDITION,string_value,0,162
2021-11-01 13:00:12.861900,FLD,0,,,,,,,,False,FIELD_TRADE_ID,string_value,1200128454323755958,162
2021-11-01 13:00:12.903700,MBO,1,ACTION_CLEAR,,0.0,0,,1635768012845432376,,False,,,,163
2021-11-01 13:00:12.903700,MBO,1,ACTION_SET,,59.59,125,,1635767974536621687,,False,,,,164
2021-11-01 13:00:12.903700,MBO,1,ACTION_SET,,59.58,219,,1635768012857219591,,False,,,,165
2021-11-01 13:00:12.903700,MBO,1,ACTION_SET,,59.58,99,,1635768012857219591,,False,,,,166
2021-11-01 13:00:12.903700,MBO,1,ACTION_SET,SIDE_BID,59.54,440,,1635768012857306807,,False,,,,167
2021-11-01 13:00:12.903700,MBO,1,ACTION_SET,SIDE_BID,59.57,35,,1635768012857404752,,False,,,,168
2021-11-01 13:00:12.903700,MBO,1,ACTION_CLEAR,,0.0,0,,1635768001760248744,,False,,,,169
2021-11-01 13:00:12.903700,MBO,1,ACTION_CLEAR,,0.0,0,,1635767974684620061,,False,,,,170
2021-11-01 13:00:12.903700,MBO,1,ACTION_SET,,59.91,167,,1635768012858783640,,False,,,,171
2021-11-01 13:00:12.903700,MBO,1,ACTION_CLEAR,,0.0,0,,1635768012857219591,,False,,,,172
2021-11-01 13:00:12.903700,MBO,1,ACTION_SET,,59.59,125,,1635767974536621687,,False,,,,173
2021-11-01 13:00:12.903700,MBO,1,ACTION_CLEAR,,0.0,0,,1635767974539602339,,False,,,,174
2021-11-01 13:00:12.903700,MBO,1,ACTION_SET,,59.59,45,,1635768012859154906,,False,,,,175
2021-11-01 13:00:12.903700,MBO,1,ACTION_SET,,59.59,45,,1635768012859168845,,False,,,,176
2021-11-01 13:00:12.903700,MBO,1,ACTION_CLEAR,,0.0,0,,1635767974536674799,,False,,,,177
2021-11-01 13:00:12.903700,MBO,1,ACTION_SET,,60.79,25,,1635768012859200126,,False,,,,178
2021-11-01 13:00:12.903700,MBO,1,ACTION_CLEAR,,0.0,0,,1635767977835285151,,False,,,,179
2021-11-01 13:00:12.903700,MBO,1,ACTION_CLEAR,SIDE_BID,0.0,0,,1635767950001711886,,False,,,,180
2021-11-01 13:00:12.903700,MBO,1,ACTION_SET,SIDE_BID,59.57,26,,1635768012859272949,,False,,,,181
2021-11-01 13:00:12.903700,MBO,1,ACTION_CLEAR,,0.0,0,,1635767979915351142,,False,,,,182
2021-11-01 13:00:12.903700,MBO,1,ACTION_SET,SIDE_BID,59.57,97,,1635768012861645354,,False,,,,183
2021-11-01 13:00:12.903700,MBO,1,ACTION_SET,,59.59,100,,1635768012865405239,,False,,,,184
2021-11-01 13:00:12.903700,MBO,1,ACTION_SET,,59.59,100,,1635768012865617985,,False,,,,185
2021-11-01 13:00:12.903700,MBO,1,ACTION_SET,,59.58,217,,1635768012865851307,,False,,,,186
2021-11-01 13:00:12.903700,MBO,1,ACTION_SET,,59.59,110,,1635768012865896764,,False,,,,187
2021-11-01 13:00:12.903700,MBO,1,ACTION_SET,,59.59,162,,1635768012865902604,,False,,,,188
2021-11-01 13:00:12.903700,MBO,1,ACTION_CLEAR,SIDE_BID,0.0,0,,1635767986143958708,,False,,,,189
2021-11-01 13:00:12.904800,FLD,0,,,,,,,,False,FIELD_TRADE_PRICE,double_value,59.58,190
2021-11-01 13:00:12.904800,FLD,0,,,,,,,,False,FIELD_TRADE_SIZE,long_value,219,190
2021-11-01 13:00:12.904800,FLD,0,,,,,,,,False,FIELD_TRADING_CONDITION,string_value,0,190
2021-11-01 13:00:12.904800,FLD,0,,,,,,,,False,FIELD_TRADE_ID,string_value,1200128572195905958,190
2021-11-01 13:00:12.904800,FLD,0,,,,,,,,False,FIELD_TRADE_PRICE,double_value,59.58,191
2021-11-01 13:00:12.904800,FLD,0,,,,,,,,False,FIELD_TRADE_SIZE,long_value,120,191
2021-11-01 13:00:12.904800,FLD,0,,,,,,,,False,FIELD_TRADING_CONDITION,string_value,0,191
2021-11-01 13:00:12.904800,FLD,0,,,,,,,,False,FIELD_TRADE_ID,string_value,1200128572442275958,191
2021-11-01 13:00:12.944700,MBO,1,ACTION_CLEAR,,0.0,0,,1635768012859168845,,False,,,,192
2021-11-01 13:00:12.944700,MBO,1,ACTION_CLEAR,SIDE_BID,0.0,0,,1635768012859272949,,False,,,,193
2021-11-01 13:00:12.944700,MBO,1,ACTION_SET,SIDE_BID,58.37,26,,1635768012925264506,,False,,,,194
2021-11-01 13:00:12.944700,MBO,1,ACTION_SET,,59.6,228,,1635768012925295343,,False,,,,195
2021-11-01 13:00:12.957500,MBO,1,ACTION_SET,,59.58,45,,1635768012948248504,,False,,,,196
2021-11-01 13:00:12.957500,MBO,1,ACTION_CLEAR,SIDE_BID,0.0,0,,1635768012409323240,,False,,,,197
2021-11-01 13:00:12.957500,MBO,1,ACTION_CLEAR,,0.0,0,,1635768012859154906,,False,,,,198
2021-11-01 13:00:12.957500,MBO,1,ACTION_CLEAR,SIDE_BID,0.0,0,,1635768012857404752,,False,,,,199
2021-11-01 13:00:13.237600,MBO,1,ACTION_SET,SIDE_BID,59.57,98,,1635768013190346610,,False,,,,200
2021-11-01 13:00:13.237600,MBO,1,ACTION_CLEAR,,0.0,0,,1635768012948248504,,False,,,,201
2021-11-01 13:00:13.572600,MBO,1,ACTION_CLEAR,,0.0,0,,1635768012859200126,,False,,,,202
2021-11-01 13:00:14.950300,MBO,1,ACTION_SET,,59.7,104,,1635768014919067766,,False,,,,203
2021-11-01 13:00:15.106300,MBO,1,ACTION_SET,SIDE_BID,59.57,159,,1635768015088918065,,False,,,,204
2021-11-01 13:00:15.106300,MBO,1,ACTION_SET,SIDE_BID,59.57,35,,1635768015088973404,,False,,,,205
2021-11-01 13:00:15.172300,MBO,1,ACTION_CLEAR,SIDE_BID,0.0,0,,1635768013190346610,,False,,,,206
2021-11-01 13:00:15.172300,MBO,1,ACTION_SET,SIDE_BID,59.57,47,,1635768015165734514,,False,,,,207
2021-11-01 13:00:15.773800,MBO,1,ACTION_CLEAR,,0.0,0,,1635768012865405239,,False,,,,208
2021-11-01 13:00:15.773800,MBO,1,ACTION_SET,,59.58,7,,1635768012865851307,,False,,,,209
2021-11-01 13:00:15.773800,MBO,1,ACTION_SET,SIDE_BID,59.57,100,,1635768015766566072,,False,,,,210
2021-11-01 13:00:15.773800,MBO,1,ACTION_CLEAR,,0.0,0,,1635768012865851307,,False,,,,211
2021-11-01 13:00:15.773800,MBO,1,ACTION_SET,,59.59,125,,1635767974536621687,,False,,,,212
2021-11-01 13:00:15.773800,MBO,1,ACTION_SET,,59.58,217,,1635768015766617222,,False,,,,213
2021-11-01 13:00:15.773800,MBO,1,ACTION_CLEAR,SIDE_BID,0.0,0,,1635767977834908393,,False,,,,214
2021-11-01 13:00:15.773800,MBO,1,ACTION_SET,SIDE_BID,59.57,30,,1635768015766663920,,False,,,,215
2021-11-01 13:00:15.773800,MBO,1,ACTION_CLEAR,,0.0,0,,1635768012865896764,,False,,,,216
2021-11-01 13:00:15.773800,MBO,1,ACTION_SET,,59.58,210,,1635768015766617222,,False,,,,217
2021-11-01 13:00:15.773800,MBO,1,ACTION_CLEAR,SIDE_BID,0.0,0,,1635767950031493764,,False,,,,218
2021-11-01 13:00:15.773800,MBO,1,ACTION_SET,SIDE_BID,59.57,15,,1635768015766691800,,False,,,,219
2021-11-01 13:00:15.773800,MBO,1,ACTION_SET,,59.59,58,,1635768015766787418,,False,,,,220
2021-11-01 13:00:15.773800,MBO,1,ACTION_SET,,59.59,45,,1635768015766875009,,False,,,,221
2021-11-01 13:00:15.773800,MBO,1,ACTION_SET,,59.58,110,,1635768015766617222,,False,,,,222
2021-11-01 13:00:15.773800,MBO,1,ACTION_CLEAR,SIDE_BID,0.0,0,,1635768015165734514,,False,,,,223
2021-11-01 13:00:15.773800,MBO,1,ACTION_CLEAR,,0.0,0,,1635767975667918405,,False,,,,224
2021-11-01 13:00:15.773800,MBO,1,ACTION_CLEAR,SIDE_BID,0.0,0,,1635767989785998562,,False,,,,225
2021-11-01 13:00:15.773800,MBO,1,ACTION_SET,SIDE_BID,59.57,162,,1635768015768908229,,False,,,,226
2021-11-01 13:00:15.773800,MBO,1,ACTION_CLEAR,,0.0,0,,1635768012865902604,,False,,,,227
2021-11-01 13:00:15.773800,MBO,1,ACTION_CLEAR,SIDE_BID,0.0,0,,1635768012287028763,,False,,,,228
2021-11-01 13:00:15.773800,MBO,1,ACTION_CLEAR,,0.0,0,,1635768015766617222,,False,,,,229
2021-11-01 13:00:15.773800,MBO,1,ACTION_SET,,59.59,125,,1635767974536621687,,False,,,,230
2021-11-01 13:00:15.773800,MBO,1,ACTION_CLEAR,,0.0,0,,1635767974537077153,,False,,,,231
2021-11-01 13:00:15.773800,MBO,1,ACTION_CLEAR,,0.0,0,,1635768015766787418,,False,,,,232
2021-11-01 13:00:15.773800,MBO,1,ACTION_CLEAR,,0.0,0,,1635767974536743268,,False,,,,233
2021-11-01 13:00:15.777200,MBO,1,ACTION_CLEAR,SIDE_BID,0.0,0,,1635768015088973404,,False,,,,234
2021-11-01 13:00:15.777200,MBO,1,ACTION_CLEAR,,0.0,0,,1635768015766875009,,False,,,,235
2021-11-01 13:00:15.777200,MBO,1,ACTION_CLEAR,,0.0,0,,1635767975664292361,,False,,,,236
2021-11-01 13:00:15.777200,MBO,1,ACTION_SET,,59.59,35,,1635768015769453488,,False,,,,237
2021-11-01 13:00:15.777200,MBO,1,ACTION_CLEAR,,0.0,0,,1635768012925295343,,False,,,,238
2021-11-01 13:00:15.777200,MBO,1,ACTION_CLEAR,,0.0,0,,1635768012865617985,,False,,,,239
2021-11-01 13:00:15.777200,MBO,1,ACTION_CLEAR,,0.0,0,,1635768015769453488,,False,,,,240
2021-11-01 13:00:15.777200,MBO,1,ACTION_SET,,59.59,98,,1635768015769587042,,False,,,,241
2021-11-01 13:00:15.777200,MBO,1,ACTION_SET,,59.59,44,,1635768015769595126,,False,,,,242
2021-11-01 13:00:15.777200,MBO,1,ACTION_SET,,59.59,44,,1635768015769599760,,False,,,,243
2021-11-01 13:00:15.777200,MBO,1,ACTION_CLEAR,,0.0,0,,1635768014919067766,,False,,,,244
2021-11-01 13:00:15.777200,FLD,0,,,,,,,,False,FIELD_TRADE_PRICE,double_value,59.58,245
2021-11-01 13:00:15.777200,FLD,0,,,,,,,,False,FIELD_TRADE_SIZE,long_value,210,245
2021-11-01 13:00:15.777200,FLD,0,,,,,,,,False,FIELD_TRADING_CONDITION,string_value,0,245
2021-11-01 13:00:15.777200,FLD,0,,,,,,,,False,FIELD_TRADE_ID,string_value,1200157665162555958,245
2021-11-01 13:00:15.777200,FLD,0,,,,,,,,False,FIELD_TRADE_PRICE,double_value,59.58,246
2021-11-01 13:00:15.777200,FLD,0,,,,,,,,False,FIELD_TRADE_SIZE,long_value,7,246
2021-11-01 13:00:15.777200,FLD,0,,,,,,,,False,FIELD_TRADING_CONDITION,string_value,0,246
2021-11-01 13:00:15.777200,FLD,0,,,,,,,,False,FIELD_TRADE_ID,string_value,1200157666172215958,246
2021-11-01 13:00:15.777200,FLD,0,,,,,,,,False,FIELD_TRADE_PRICE,double_value,59.58,247
2021-11-01 13:00:15.777200,FLD,0,,,,,,,,False,FIELD_TRADE_SIZE,long_value,83,247
2021-11-01 13:00:15.777200,FLD,0,,,,,,,,False,FIELD_TRADING_CONDITION,string_value,0,247
2021-11-01 13:00:15.777200,FLD,0,,,,,,,,False,FIELD_TRADE_ID,string_value,1200157666172215958,247
2021-11-01 13:00:15.777200,FLD,0,,,,,,,,False,FIELD_TRADE_PRICE,double_value,59.58,248
2021-11-01 13:00:15.777200,FLD,0,,,,,,,,False,FIELD_TRADE_SIZE,long_value,7,248
2021-11-01 13:00:15.777200,FLD,0,,,,,,,,False,FIELD_TRADING_CONDITION,string_value,0,248
2021-11-01 13:00:15.777200,FLD,0,,,,,,,,False,FIELD_TRADE_ID,string_value,1200157666761835958,248
2021-11-01 13:00:15.777200,FLD,0,,,,,,,,False,FIELD_TRADE_PRICE,double_value,59.58,249
2021-11-01 13:00:15.777200,FLD,0,,,,,,,,False,FIELD_TRADE_SIZE,long_value,100,249
2021-11-01 13:00:15.777200,FLD,0,,,,,,,,False,FIELD_TRADING_CONDITION,string_value,0,249
2021-11-01 13:00:15.777200,FLD,0,,,,,,,,False,FIELD_TRADE_ID,string_value,1200157674782275958,249
2021-11-01 13:00:15.823900,MBO,1,ACTION_CLEAR,SIDE_BID,0.0,0,,1635767980366487340,,False,,,,250
2021-11-01 13:00:15.823900,MBO,1,ACTION_SET,SIDE_BID,59.42,271,,1635768015772028787,,False,,,,251
2021-11-01 13:00:15.823900,MBO,1,ACTION_CLEAR,SIDE_BID,0.0,0,,1635768015766566072,,False,,,,252
2021-11-01 13:00:15.823900,MBO,1,ACTION_SET,,59.63,84,,1635768015782499569,,False,,,,253
2021-11-01 13:00:15.823900,MBO,1,ACTION_CLEAR,SIDE_BID,0.0,0,,1635768015768908229,,False,,,,254
2021-11-01 13:00:15.823900,MBO,1,ACTION_SET,,59.59,162,,1635768015783743159,,False,,,,255
2021-11-01 13:00:15.823900,MBO,1,ACTION_SET,,59.59,100,,1635768015783953795,,False,,,,256
2021-11-01 13:00:15.823900,MBO,1,ACTION_SET,,59.59,33,,1635768015783995191,,False,,,,257
2021-11-01 13:00:15.823900,MBO,1,ACTION_SET,,59.58,231,,1635768015784322366,,False,,,,258
2021-11-01 13:00:15.823900,MBO,1,ACTION_CLEAR,,0.0,0,,1635768015769599760,,False,,,,259
2021-11-01 13:00:15.823900,MBO,1,ACTION_SET,,59.61,270,,1635768015789228150,,False,,,,260
2021-11-01 13:00:15.823900,MBO,1,ACTION_SET,,59.59,77,,1635768015794122742,,False,,,,261
2021-11-01 13:00:15.823900,MBO,1,ACTION_SET,,59.58,121,,1635768015784322366,,False,,,,262
2021-11-01 13:00:15.823900,MBO,1,ACTION_CLEAR,SIDE_BID,0.0,0,,1635768015766691800,,False,,,,263
2021-11-01 13:00:15.823900,MBO,1,ACTION_SET,SIDE_BID,58.38,15,,1635768015809615514,,False,,,,264
2021-11-01 13:00:15.823900,MBO,1,ACTION_SET,SIDE_BID,59.57,100,,1635768015809642958,,False,,,,265
2021-11-01 13:00:15.823900,MBO,1,ACTION_CLEAR,,0.0,0,,1635768015784322366,,False,,,,266
2021-11-01 13:00:15.823900,MBO,1,ACTION_SET,,59.59,125,,1635767974536621687,,False,,,,267
2021-11-01 13:00:15.823900,MBO,1,ACTION_CLEAR,,0.0,0,,1635768015783743159,,False,,,,268
2021-11-01 13:00:15.823900,MBO,1,ACTION_SET,SIDE_BID,59.57,162,,1635768015811153196,,False,,,,269
2021-11-01 13:00:15.823900,MBO,1,ACTION_CLEAR,SIDE_BID,0.0,0,,1635768015766663920,,False,,,,270
2021-11-01 13:00:15.823900,MBO,1,ACTION_SET,SIDE_BID,58.38,30,,1635768015811190879,,False,,,,271
2021-11-01 13:00:15.823900,MBO,1,ACTION_CLEAR,SIDE_BID,0.0,0,,1635768015809615514,,False,,,,272
2021-11-01 13:00:15.823900,MBO,1,ACTION_SET,SIDE_BID,59.57,15,,1635768015811213584,,False,,,,273
2021-11-01 13:00:15.825300,FLD,0,,,,,,,,False,FIELD_TRADE_PRICE,double_value,59.58,274
2021-11-01 13:00:15.825300,FLD,0,,,,,,,,False,FIELD_TRADE_SIZE,long_value,110,274
2021-11-01 13:00:15.825300,FLD,0,,,,,,,,False,FIELD_TRADING_CONDITION,string_value,0,274
2021-11-01 13:00:15.825300,FLD,0,,,,,,,,False,FIELD_TRADE_ID,string_value,1200158095223765958,274
2021-11-01 13:00:15.863100,FLD,0,,,,,,,,False,FIELD_TRADE_PRICE,double_value,59.58,275
2021-11-01 13:00:15.863100,FLD,0,,,,,,,,False,FIELD_TRADE_SIZE,long_value,25,275
2021-11-01 13:00:15.863100,FLD,0,,,,,,,,False,FIELD_TRADING_CONDITION,string_value,0,275
2021-11-01 13:00:15.863100,FLD,0,,,,,,,,False,FIELD_TRADE_ID,string_value,1200158337464645958,275
2021-11-01 13:00:15.863100,MBO,1,ACTION_CLEAR,,0.0,0,,1635768000350237135,,False,,,,276
2021-11-01 13:00:15.863100,MBO,1,ACTION_SET,,59.61,250,,1635768015813944228,,False,,,,277
2021-11-01 13:00:15.863100,MBO,1,ACTION_SET,SIDE_BID,59.56,101,,1635768015815098589,,False,,,,278
2021-11-01 13:00:15.863100,MBO,1,ACTION_SET,,59.58,236,,1635768015818657000,,False,,,,279
2021-11-01 13:00:15.863100,MBO,1,ACTION_CLEAR,SIDE_BID,0.0,0,,1635768015815098589,,False,,,,280
2021-11-01 13:00:15.863100,MBO,1,ACTION_CLEAR,SIDE_BID,0.0,0,,1635768015811153196,,False,,,,281
2021-11-01 13:00:15.863100,MBO,1,ACTION_SET,,59.59,162,,1635768015818716124,,False,,,,282
2021-11-01 13:00:15.863100,MBO,1,ACTION_CLEAR,SIDE_BID,0.0,0,,1635768015809642958,,False,,,,283
2021-11-01 13:00:15.863100,MBO,1,ACTION_SET,,59.58,211,,1635768015818657000,,False,,,,284
2021-11-01 13:00:15.863100,MBO,1,ACTION_CLEAR,SIDE_BID,0.0,0,,1635768015811213584,,False,,,,285
2021-11-01 13:00:15.863100,MBO,1,ACTION_SET,SIDE_BID,58.38,15,,1635768015833842719,,False,,,,286
2021-11-01 13:00:15.868400,MBO,1,ACTION_SET,SIDE_BID,59.57,86,,1635768012419368279,,False,,,,287
2021-11-01 13:00:15.877500,MBO,1,ACTION_SET,SIDE_BID,59.57,35,,1635768015870803180,,False,,,,288
2021-11-01 13:00:16.011700,MBO,1,ACTION_SET,SIDE_BID,59.48,400,,1635768015992658666,,False,,,,289
2021-11-01 13:00:16.316600,MBO,1,ACTION_SET,SIDE_BID,59.57,100,,1635768016273284458,,False,,,,290
2021-11-01 13:00:16.714200,MBO,1,ACTION_CLEAR,,0.0,0,,1635768015794122742,,False,,,,291
2021-11-01 13:00:16.714200,MBO,1,ACTION_SET,,59.58,90,,1635768015818657000,,False,,,,292
2021-11-01 13:00:16.714200,MBO,1,ACTION_CLEAR,,0.0,0,,1635768015783995191,,False,,,,293
2021-11-01 13:00:16.714200,MBO,1,ACTION_CLEAR,,0.0,0,,1635768015818657000,,False,,,,294
2021-11-01 13:00:16.714200,MBO,1,ACTION_SET,,59.59,125,,1635767974536621687,,False,,,,295
2021-11-01 13:00:16.714200,MBO,1,ACTION_SET,,59.58,236,,1635768016701648239,,False,,,,296
2021-11-01 13:00:16.714200,MBO,1,ACTION_SET,SIDE_BID,59.55,440,,1635768016701691954,,False,,,,297
2021-11-01 13:00:16.714200,MBO,1,ACTION_CLEAR,SIDE_BID,0.0,0,,1635768015833842719,,False,,,,298
2021-11-01 13:00:16.714200,MBO,1,ACTION_SET,SIDE_BID,59.57,15,,1635768016701698499,,False,,,,299
2021-11-01 13:00:16.714200,MBO,1,ACTION_CLEAR,SIDE_BID,0.0,0,,1635768015811190879,,False,,,,300
2021-11-01 13:00:16.714200,MBO,1,ACTION_SET,SIDE_BID,59.57,30,,1635768016701706894,,False,,,,301
2021-11-01 13:00:16.714200,MBO,1,ACTION_SET,,59.58,146,,1635768016701648239,,False,,,,302
2021-11-01 13:00:16.715400,FLD,0,,,,,,,,False,FIELD_TRADE_PRICE,double_value,59.58,303
2021-11-01 13:00:16.715400,FLD,0,,,,,,,,False,FIELD_TRADE_SIZE,long_value,121,303
2021-11-01 13:00:16.715400,FLD,0,,,,,,,,False,FIELD_TRADING_CONDITION,string_value,0,303
2021-11-01 13:00:16.715400,FLD,0,,,,,,,,False,FIELD_TRADE_ID,string_value,1200167015795475958,303
2021-11-01 13:00:16.750600,FLD,0,,,,,,,,False,FIELD_TRADE_PRICE,double_value,59.58,304
2021-11-01 13:00:16.750600,FLD,0,,,,,,,,False,FIELD_TRADE_SIZE,long_value,90,304
2021-11-01 13:00:16.750600,FLD,0,,,,,,,,False,FIELD_TRADING_CONDITION,string_value,0,304
2021-11-01 13:00:16.750600,FLD,0,,,,,,,,False,FIELD_TRADE_ID,string_value,1200167016482385958,304
2021-11-01 13:00:16.750600,FLD,0,,,,,,,,False,FIELD_TRADE_PRICE,double_value,59.58,305
2021-11-01 13:00:16.750600,FLD,0,,,,,,,,False,FIELD_TRADE_SIZE,long_value,90,305
2021-11-01 13:00:16.750600,FLD,0,,,,,,,,False,FIELD_TRADING_CONDITION,string_value,0,305
2021-11-01 13:00:16.750600,FLD,0,,,,,,,,False,FIELD_TRADE_ID,string_value,1200167017127125958,305
2021-11-01 13:00:17.457800,FLD,0,,,,,,,,False,FIELD_TRADE_PRICE,double_value,59.58,306
2021-11-01 13:00:17.457800,FLD,0,,,,,,,,False,FIELD_TRADE_SIZE,long_value,146,306
2021-11-01 13:00:17.457800,FLD,0,,,,,,,,False,FIELD_TRADING_CONDITION,string_value,0,306
2021-11-01 13:00:17.457800,FLD,0,,,,,,,,False,FIELD_TRADE_ID,string_value,1200174123823065958,306
2021-11-01 13:00:17.457800,FLD,0,,,,,,,,False,FIELD_TRADE_PRICE,double_value,59.58,307
2021-11-01 13:00:17.457800,FLD,0,,,,,,,,False,FIELD_TRADE_SIZE,long_value,110,307
2021-11-01 13:00:17.457800,FLD,0,,,,,,,,False,FIELD_TRADING_CONDITION,string_value,0,307
2021-11-01 13:00:17.457800,FLD,0,,,,,,,,False,FIELD_TRADE_ID,string_value,1200174124702985958,307
2021-11-01 13:00:17.457800,FLD,0,,,,,,,,False,FIELD_TRADE_PRICE,double_value,59.58,308
2021-11-01 13:00:17.457800,FLD,0,,,,,,,,False,FIELD_TRADE_SIZE,long_value,126,308
2021-11-01 13:00:17.457800,FLD,0,,,,,,,,False,FIELD_TRADING_CONDITION,string_value,0,308
2021-11-01 13:00:17.457800,FLD,0,,,,,,,,False,FIELD_TRADE_ID,string_value,1200174158906875958,308
2021-11-01 13:00:17.457800,MBO,1,ACTION_CLEAR,,0.0,0,,1635768016701648239,,False,,,,309
2021-11-01 13:00:17.457800,MBO,1,ACTION_SET,,59.59,125,,1635767974536621687,,False,,,,310
2021-11-01 13:00:17.457800,MBO,1,ACTION_SET,,59.58,236,,1635768017412382307,,False,,,,311
2021-11-01 13:00:17.457800,MBO,1,ACTION_SET,,59.59,110,,1635768017412464161,,False,,,,312
2021-11-01 13:00:17.457800,MBO,1,ACTION_SET,,59.58,126,,1635768017412382307,,False,,,,313
2021-11-01 13:00:17.457800,MBO,1,ACTION_CLEAR,,0.0,0,,1635768017412382307,,False,,,,314
2021-11-01 13:00:17.457800,MBO,1,ACTION_SET,,59.59,125,,1635767974536621687,,False,,,,315
2021-11-01 13:00:17.457800,MBO,1,ACTION_SET,,59.58,236,,1635768017415890688,,False,,,,316
2021-11-01 13:00:17.632500,MBO,1,ACTION_SET,,59.58,233,,1635768017415890688,,False,,,,317
2021-11-01 13:00:17.632500,FLD,0,,,,,,,,False,FIELD_TRADE_PRICE,double_value,59.58,318
2021-11-01 13:00:17.632500,FLD,0,,,,,,,,False,FIELD_TRADE_SIZE,long_value,3,318
2021-11-01 13:00:17.632500,FLD,0,,,,,,,,False,FIELD_TRADING_CONDITION,string_value,0,318
2021-11-01 13:00:17.632500,FLD,0,,,,,,,,False,FIELD_TRADE_ID,string_value,1200176246329965958,318
2021-11-01 13:00:17.838800,MBO,1,ACTION_SET,,59.7,104,,1635768017816960770,,False,,,,319
2021-11-01 13:00:20.194000,MBO,1,ACTION_SET,SIDE_BID,59.56,16,,1635768020179316595,,False,,,,320
2021-11-01 13:00:20.254000,MBO,1,ACTION_SET,SIDE_BID,59.57,10,,1635768020241761160,,False,,,,321
2021-11-01 13:00:20.254000,MBO,1,ACTION_CLEAR,,0.0,0,,1635768015769587042,,False,,,,322
2021-11-01 13:00:20.917400,MBO,1,ACTION_SET,,59.58,370,,1635768020904050674,,False,,,,323
2021-11-01 13:00:20.917400,MBO,1,ACTION_CLEAR,SIDE_BID,0.0,0,,1635768016701698499,,False,,,,324
2021-11-01 13:00:20.917400,MBO,1,ACTION_SET,SIDE_BID,58.38,15,,1635768020904139626,,False,,,,325
2021-11-01 13:00:20.917400,MBO,1,ACTION_CLEAR,SIDE_BID,0.0,0,,1635768020241761160,,False,,,,326
2021-11-01 13:00:21.239700,MBO,1,ACTION_SET,SIDE_BID,59.57,10,,1635768021188590090,,False,,,,327
2021-11-01 13:00:22.618900,MBO,1,ACTION_CLEAR,SIDE_BID,0.0,0,,1635768016273284458,,False,,,,328
2021-11-01 13:00:22.618900,MBO,1,ACTION_CLEAR,SIDE_BID,0.0,0,,1635768016701706894,,False,,,,329
2021-11-01 13:00:22.618900,MBO,1,ACTION_SET,SIDE_BID,58.38,30,,1635768022568793809,,False,,,,330
2021-11-01 13:00:22.618900,MBO,1,ACTION_CLEAR,SIDE_BID,0.0,0,,1635768015870803180,,False,,,,331
2021-11-01 13:00:22.676100,MBO,1,ACTION_CLEAR,SIDE_BID,0.0,0,,1635768021188590090,,False,,,,332
2021-11-01 13:00:22.975700,MBO,1,ACTION_CLEAR,SIDE_BID,0.0,0,,1635768012845580371,,False,,,,333
2021-11-01 13:00:22.986800,MBO,1,ACTION_CLEAR,SIDE_BID,0.0,0,,1635768012409259338,,False,,,,334
2021-11-01 13:00:22.986800,MBO,1,ACTION_SET,SIDE_BID,59.57,34,,1635768012414088631,,False,,,,335
2021-11-01 13:00:22.986800,MBO,1,ACTION_CLEAR,SIDE_BID,0.0,0,,1635768012861645354,,False,,,,336
2021-11-01 13:00:23.266900,MBO,1,ACTION_SET,,59.6,435,,1635768023249520641,,False,,,,337
2021-11-01 13:00:23.955100,MBO,1,ACTION_SET,,59.58,45,,1635768023929780349,,False,,,,338
2021-11-01 13:00:23.955100,MBO,1,ACTION_CLEAR,,0.0,0,,1635768015769595126,,False,,,,339
2021-11-01 13:00:24.056700,MBO,1,ACTION_CLEAR,,0.0,0,,1635768023929780349,,False,,,,340
2021-11-01 13:00:24.799100,MBO,1,ACTION_CLEAR,,0.0,0,,1635768023249520641,,False,,,,341
2021-11-01 13:00:24.799100,MBO,1,ACTION_CLEAR,,0.0,0,,1635768020904050674,,False,,,,342
2021-11-01 13:00:24.799100,MBO,1,ACTION_SET,SIDE_BID,59.57,35,,1635768024784290941,,False,,,,343
2021-11-01 13:00:24.799100,MBO,1,ACTION_SET,SIDE_BID,59.57,10,,1635768024785383175,,False,,,,344
2021-11-01 13:00:25.155500,MBO,1,ACTION_CLEAR,SIDE_BID,0.0,0,,1635768024785383175,,False,,,,345
2021-11-01 13:00:26.732600,MBO,1,ACTION_CLEAR,SIDE_BID,0.0,0,,1635768015992658666,,False,,,,346
2021-11-01 13:00:26.833600,MBO,1,ACTION_SET,SIDE_BID,59.47,400,,1635768026819328429,,False,,,,347
2021-11-01 13:00:26.989100,MBO,1,ACTION_SET,SIDE_BID,59.53,99,,1635768026972100164,,False,,,,348
2021-11-01 13:00:27.256300,MBO,1,ACTION_SET,,59.58,213,,1635768017415890688,,False,,,,349
2021-11-01 13:00:27.256300,MBO,1,ACTION_SET,SIDE_BID,59.57,100,,1635768027243764952,,False,,,,350
2021-11-01 13:00:27.256300,MBO,1,ACTION_CLEAR,SIDE_BID,0.0,0,,1635768020904139626,,False,,,,351
2021-11-01 13:00:27.256300,MBO,1,ACTION_SET,SIDE_BID,59.57,15,,1635768027243844264,,False,,,,352
2021-11-01 13:00:27.257400,FLD,0,,,,,,,,False,FIELD_TRADE_PRICE,double_value,59.58,353
2021-11-01 13:00:27.257400,FLD,0,,,,,,,,False,FIELD_TRADE_SIZE,long_value,20,353
2021-11-01 13:00:27.257400,FLD,0,,,,,,,,False,FIELD_TRADING_CONDITION,string_value,0,353
2021-11-01 13:00:27.257400,FLD,0,,,,,,,,False,FIELD_TRADE_ID,string_value,1200272436314645958,353
2021-11-01 13:00:29.262000,MBO,1,ACTION_SET,SIDE_BID,59.57,91,,1635768029228084786,,False,,,,354
2021-11-01 13:00:29.262000,MBO,1,ACTION_SET,SIDE_BID,59.57,125,,1635768029228141117,,False,,,,355
2021-11-01 13:00:29.262000,MBO,1,ACTION_CLEAR,SIDE_BID,0.0,0,,1635768022568793809,,False,,,,356
2021-11-01 13:00:29.262000,MBO,1,ACTION_SET,SIDE_BID,59.57,30,,1635768029228221869,,False,,,,357
2021-11-01 13:00:29.269900,MBO,1,ACTION_CLEAR,SIDE_BID,0.0,0,,1635768026972100164,,False,,,,358
2021-11-01 13:00:30.301400,MBO,1,ACTION_CLEAR,SIDE_BID,0.0,0,,1635768029228141117,,False,,,,359
2021-11-01 13:00:30.301400,MBO,1,ACTION_CLEAR,SIDE_BID,0.0,0,,1635768027243764952,,False,,,,360
2021-11-01 13:00:33.759900,MBO,1,ACTION_SET,SIDE_BID,59.57,100,,1635768033714467483,,False,,,,361
2021-11-01 13:00:36.716000,MBO,1,ACTION_CLEAR,SIDE_BID,0.0,0,,1635767993743859935,,False,,,,362
2021-11-01 13:00:36.716000,MBO,1,ACTION_CLEAR,,0.0,0,,1635768017415890688,,False,,,,363
2021-11-01 13:00:36.716000,MBO,1,ACTION_SET,,59.59,125,,1635767974536621687,,False,,,,364
2021-11-01 13:00:36.716000,MBO,1,ACTION_CLEAR,,0.0,0,,1635768017412464161,,False,,,,365
2021-11-01 13:00:36.716000,MBO,1,ACTION_CLEAR,SIDE_BID,0.0,0,,1635768029228221869,,False,,,,366
2021-11-01 13:00:36.716000,MBO,1,ACTION_SET,SIDE_BID,58.38,30,,1635768036693308592,,False,,,,367
2021-11-01 13:00:36.716000,MBO,1,ACTION_SET,SIDE_BID,59.58,140,,1635768036693601779,,False,,,,368
2021-11-01 13:00:36.716000,MBO,1,ACTION_CLEAR,,0.0,0,,1635768005652659218,,False,,,,369
2021-11-01 13:00:36.716000,MBO,1,ACTION_CLEAR,,0.0,0,,1635767974549633642,,False,,,,370
2021-11-01 13:00:36.716000,MBO,1,ACTION_SET,SIDE_BID,59.57,162,,1635768036693666647,,False,,,,371
2021-11-01 13:00:36.716000,MBO,1,ACTION_CLEAR,,0.0,0,,1635768015818716124,,False,,,,372
2021-11-01 13:00:36.716000,MBO,1,ACTION_CLEAR,,0.0,0,,1635767974536621687,,False,,,,373
2021-11-01 13:00:36.716000,MBO,1,ACTION_SET,,59.59,100,,1635768015783953795,,False,,,,374
2021-11-01 13:00:36.716000,MBO,1,ACTION_CLEAR,,0.0,0,,1635767975642909622,,False,,,,375
2021-11-01 13:00:36.716000,MBO,1,ACTION_CLEAR,,0.0,0,,1635768015782499569,,False,,,,376
2021-11-01 13:00:36.716000,MBO,1,ACTION_SET,SIDE_BID,59.58,100,,1635768036693730152,,False,,,,377
2021-11-01 13:00:36.716000,MBO,1,ACTION_CLEAR,,0.0,0,,1635768015783953795,,False,,,,378
2021-11-01 13:00:36.716000,MBO,1,ACTION_SET,,59.6,800,,1635767960908113199,,False,,,,379
2021-11-01 13:00:36.716000,MBO,1,ACTION_CLEAR,,0.0,0,,1635767974536648094,,False,,,,380
2021-11-01 13:00:36.716000,MBO,1,ACTION_SET,SIDE_BID,59.58,125,,1635768036693781664,,False,,,,381
2021-11-01 13:00:36.716000,MBO,1,ACTION_CLEAR,,0.0,0,,1635768017816960770,,False,,,,382
2021-11-01 13:00:36.716000,MBO,1,ACTION_CLEAR,SIDE_BID,0.0,0,,1635768012925264506,,False,,,,383
2021-11-01 13:00:36.716000,MBO,1,ACTION_SET,SIDE_BID,59.58,26,,1635768036693798714,,False,,,,384
2021-11-01 13:00:36.716000,MBO,1,ACTION_CLEAR,,0.0,0,,1635767854548809806,,False,,,,385
2021-11-01 13:00:36.716000,MBO,1,ACTION_CLEAR,,0.0,0,,1635768015813944228,,False,,,,386
2021-11-01 13:00:36.716000,MBO,1,ACTION_CLEAR,,0.0,0,,1635767970796486753,,False,,,,387
2021-11-01 13:00:36.716000,MBO,1,ACTION_SET,,59.6,25,,1635768036693848895,,False,,,,388
2021-11-01 13:00:36.716000,MBO,1,ACTION_SET,,59.6,100,,1635768036693901498,,False,,,,389
2021-11-01 13:00:36.716000,MBO,1,ACTION_SET,,59.6,60,,1635768036693924890,,False,,,,390
2021-11-01 13:00:36.716000,MBO,1,ACTION_SET,,59.6,44,,1635768036693939846,,False,,,,391
2021-11-01 13:00:36.716000,MBO,1,ACTION_CLEAR,,0.0,0,,1635767975664968183,,False,,,,392
2021-11-01 13:00:36.716000,MBO,1,ACTION_CLEAR,SIDE_BID,0.0,0,,1635768033714467483,,False,,,,393
2021-11-01 13:00:36.716000,MBO,1,ACTION_CLEAR,SIDE_BID,0.0,0,,1635768036693730152,,False,,,,394
2021-11-01 13:00:36.716000,MBO,1,ACTION_CLEAR,SIDE_BID,0.0,0,,1635768036693601779,,False,,,,395
2021-11-01 13:00:36.716000,MBO,1,ACTION_SET,SIDE_BID,59.58,125,,1635768036693781664,,False,,,,396
2021-11-01 13:00:36.716000,MBO,1,ACTION_SET,,59.63,71,,1635768036696877441,,False,,,,397
2021-11-01 13:00:36.716000,MBO,1,ACTION_SET,SIDE_BID,59.58,35,,1635768036698793903,,False,,,,398
2021-11-01 13:00:36.716000,MBO,1,ACTION_SET,,59.64,281,,1635768036699640064,,False,,,,399
2021-11-01 13:00:36.716000,MBO,1,ACTION_SET,SIDE_BID,59.58,93,,1635768036701475759,,False,,,,400
2021-11-01 13:00:36.716000,MBO,1,ACTION_CLEAR,SIDE_BID,0.0,0,,1635768036693781664,,False,,,,401
2021-11-01 13:00:36.716000,MBO,1,ACTION_SET,SIDE_BID,59.58,26,,1635768036693798714,,False,,,,402
2021-11-01 13:00:36.716000,MBO,1,ACTION_CLEAR,SIDE_BID,0.0,0,,1635768036693798714,,False,,,,403
2021-11-01 13:00:36.716000,MBO,1,ACTION_SET,SIDE_BID,59.58,35,,1635768036698793903,,False,,,,404
2021-11-01 13:00:36.716000,MBO,1,ACTION_CLEAR,SIDE_BID,0.0,0,,1635768036698793903,,False,,,,405
2021-11-01 13:00:36.716000,MBO,1,ACTION_SET,SIDE_BID,59.58,93,,1635768036701475759,,False,,,,406
2021-11-01 13:00:36.716000,MBO,1,ACTION_CLEAR,SIDE_BID,0.0,0,,1635768036701475759,,False,,,,407
2021-11-01 13:00:36.716000,MBO,1,ACTION_SET,SIDE_BID,59.57,34,,1635768012414088631,,False,,,,408
2021-11-01 13:00:36.716000,MBO,1,ACTION_SET,SIDE_BID,59.58,78,,1635768036701857678,,False,,,,409
2021-11-01 13:00:36.716000,MBO,1,ACTION_SET,,59.59,32,,1635768036701941657,,False,,,,410
2021-11-01 13:00:36.716000,MBO,1,ACTION_SET,SIDE_BID,59.57,10,,1635768012419368279,,False,,,,411
2021-11-01 13:00:36.716000,MBO,1,ACTION_CLEAR,,0.0,0,,1635768036701941657,,False,,,,412
2021-11-01 13:00:36.716000,MBO,1,ACTION_SET,,59.6,800,,1635767960908113199,,False,,,,413
2021-11-01 13:00:36.716000,MBO,1,ACTION_SET,SIDE_BID,59.58,69,,1635768036701857678,,False,,,,414
2021-11-01 13:00:36.717100,FLD,0,,,,,,,,False,FIELD_TRADE_PRICE,double_value,59.58,415
2021-11-01 13:00:36.717100,FLD,0,,,,,,,,False,FIELD_TRADE_SIZE,long_value,213,415
2021-11-01 13:00:36.717100,FLD,0,,,,,,,,False,FIELD_TRADING_CONDITION,string_value,0,415
2021-11-01 13:00:36.717100,FLD,0,,,,,,,,False,FIELD_TRADE_ID,string_value,1200366931347005958,415
2021-11-01 13:00:36.717100,FLD,0,,,,,,,,False,FIELD_TRADE_PRICE,double_value,59.58,416
2021-11-01 13:00:36.717100,FLD,0,,,,,,,,False,FIELD_TRADE_SIZE,long_value,130,416
2021-11-01 13:00:36.717100,FLD,0,,,,,,,,False,FIELD_TRADING_CONDITION,string_value,0,416
2021-11-01 13:00:36.717100,FLD,0,,,,,,,,False,FIELD_TRADE_ID,string_value,1200366931347005958,416
2021-11-01 13:00:36.717100,FLD,0,,,,,,,,False,FIELD_TRADE_PRICE,double_value,59.58,417
2021-11-01 13:00:36.717100,FLD,0,,,,,,,,False,FIELD_TRADE_SIZE,long_value,125,417
2021-11-01 13:00:36.717100,FLD,0,,,,,,,,False,FIELD_TRADING_CONDITION,string_value,0,417
2021-11-01 13:00:36.717100,FLD,0,,,,,,,,False,FIELD_TRADE_ID,string_value,1200367018066075958,417
2021-11-01 13:00:36.717100,FLD,0,,,,,,,,False,FIELD_TRADE_PRICE,double_value,59.58,418
2021-11-01 13:00:36.717100,FLD,0,,,,,,,,False,FIELD_TRADE_SIZE,long_value,26,418
2021-11-01 13:00:36.717100,FLD,0,,,,,,,,False,FIELD_TRADING_CONDITION,string_value,0,418
2021-11-01 13:00:36.717100,FLD,0,,,,,,,,False,FIELD_TRADE_ID,string_value,1200367018066075958,418
2021-11-01 13:00:36.717100,FLD,0,,,,,,,,False,FIELD_TRADE_PRICE,double_value,59.58,419
2021-11-01 13:00:36.717100,FLD,0,,,,,,,,False,FIELD_TRADE_SIZE,long_value,35,419
2021-11-01 13:00:36.717100,FLD,0,,,,,,,,False,FIELD_TRADING_CONDITION,string_value,0,419
2021-11-01 13:00:36.717100,FLD,0,,,,,,,,False,FIELD_TRADE_ID,string_value,1200367018066075958,419
2021-11-01 13:00:36.717100,FLD,0,,,,,,,,False,FIELD_TRADE_PRICE,double_value,59.58,420
2021-11-01 13:00:36.717100,FLD,0,,,,,,,,False,FIELD_TRADE_SIZE,long_value,93,420
2021-11-01 13:00:36.717100,FLD,0,,,,,,,,False,FIELD_TRADING_CONDITION,string_value,0,420
2021-11-01 13:00:36.717100,FLD,0,,,,,,,,False,FIELD_TRADE_ID,string_value,1200367018066075958,420
2021-11-01 13:00:36.717100,FLD,0,,,,,,,,False,FIELD_TRADE_PRICE,double_value,59.58,421
2021-11-01 13:00:36.717100,FLD,0,,,,,,,,False,FIELD_TRADE_SIZE,long_value,9,421
2021-11-01 13:00:36.717100,FLD,0,,,,,,,,False,FIELD_TRADING_CONDITION,string_value,0,421
2021-11-01 13:00:36.717100,FLD,0,,,,,,,,False,FIELD_TRADE_ID,string_value,1200367042067195958,421
2021-11-01 13:00:36.759900,MBO,1,ACTION_SET,,59.69,400,,1635768036705994367,,False,,,,422
2021-11-01 13:00:36.759900,MBO,1,ACTION_SET,,59.62,142,,1635768036708016782,,False,,,,423
2021-11-01 13:00:36.759900,MBO,1,ACTION_SET,SIDE_BID,59.57,101,,1635768036710299980,,False,,,,424
2021-11-01 13:00:36.759900,MBO,1,ACTION_SET,,59.6,100,,1635768036716639813,,False,,,,425
2021-11-01 13:00:36.759900,MBO,1,ACTION_CLEAR,SIDE_BID,0.0,0,,1635768012419368279,,False,,,,426
2021-11-01 13:00:36.759900,MBO,1,ACTION_SET,,59.62,216,,1635768036748743436,,False,,,,427
2021-11-01 13:00:36.801300,MBO,1,ACTION_SET,,59.69,84,,1635768036778449489,,False,,,,428
2021-11-01 13:00:36.801300,MBO,1,ACTION_SET,,60.03,84,,1635768036793925280,,False,,,,429
2021-11-01 13:00:36.843100,MBO,1,ACTION_CLEAR,SIDE_BID,0.0,0,,1635768001122349235,,False,,,,430
2021-11-01 13:00:36.843100,MBO,1,ACTION_SET,SIDE_BID,59.42,114,,1635768036803309104,,False,,,,431
2021-11-01 13:00:36.843100,MBO,1,ACTION_SET,SIDE_BID,59.56,101,,1635768036815302893,,False,,,,432
2021-11-01 13:00:36.843100,MBO,1,ACTION_SET,,59.59,125,,1635768036815932144,,False,,,,433
2021-11-01 13:00:36.843100,MBO,1,ACTION_CLEAR,SIDE_BID,0.0,0,,1635768036710299980,,False,,,,434
2021-11-01 13:00:36.881800,MBO,1,ACTION_CLEAR,,0.0,0,,1635768036693924890,,False,,,,435
2021-11-01 13:00:36.881800,MBO,1,ACTION_SET,,59.59,102,,1635768036815932144,,False,,,,436
2021-11-01 13:00:36.881800,MBO,1,ACTION_CLEAR,,0.0,0,,1635768036815932144,,False,,,,437
2021-11-01 13:00:36.881800,MBO,1,ACTION_SET,,59.6,800,,1635767960908113199,,False,,,,438
2021-11-01 13:00:36.881800,MBO,1,ACTION_SET,SIDE_BID,59.58,35,,1635768036841767953,,False,,,,439
2021-11-01 13:00:36.881800,MBO,1,ACTION_CLEAR,SIDE_BID,0.0,0,,1635768024784290941,,False,,,,440
2021-11-01 13:00:36.881800,MBO,1,ACTION_CLEAR,,0.0,0,,1635767974536483184,,False,,,,441
2021-11-01 13:00:36.881800,MBO,1,ACTION_CLEAR,,0.0,0,,1635768036693939846,,False,,,,442
2021-11-01 13:00:36.881800,MBO,1,ACTION_CLEAR,,0.0,0,,1635768036716639813,,False,,,,443
2021-11-01 13:00:36.881800,MBO,1,ACTION_SET,SIDE_BID,59.58,100,,1635768036842157203,,False,,,,444
2021-11-01 13:00:36.881800,MBO,1,ACTION_SET,SIDE_BID,59.58,125,,1635768036842190379,,False,,,,445
2021-11-01 13:00:36.881800,MBO,1,ACTION_SET,SIDE_BID,59.56,440,,1635768036842312842,,False,,,,446
2021-11-01 13:00:36.881800,MBO,1,ACTION_CLEAR,SIDE_BID,0.0,0,,1635767995072238065,,False,,,,447
2021-11-01 13:00:36.881800,MBO,1,ACTION_CLEAR,,0.0,0,,1635767974536737501,,False,,,,448
2021-11-01 13:00:36.881800,MBO,1,ACTION_SET,,59.6,35,,1635768036842356381,,False,,,,449
2021-11-01 13:00:36.881800,MBO,1,ACTION_CLEAR,,0.0,0,,1635768036842356381,,False,,,,450
2021-11-01 13:00:36.881800,MBO,1,ACTION_CLEAR,,0.0,0,,1635768036693901498,,False,,,,451
2021-11-01 13:00:36.881800,MBO,1,ACTION_CLEAR,,0.0,0,,1635767984138150975,,False,,,,452
2021-11-01 13:00:36.881800,MBO,1,ACTION_SET,,59.76,114,,1635768036843050808,,False,,,,453
2021-11-01 13:00:36.881800,MBO,1,ACTION_SET,SIDE_BID,59.58,100,,1635768036843359971,,False,,,,454
2021-11-01 13:00:36.881800,MBO,1,ACTION_CLEAR,,0.0,0,,1635767975666096349,,False,,,,455
2021-11-01 13:00:36.881800,MBO,1,ACTION_SET,,59.76,271,,1635768036843425037,,False,,,,456
2021-11-01 13:00:36.884700,FLD,0,,,,,,,,False,FIELD_TRADE_PRICE,double_value,59.59,457
2021-11-01 13:00:36.884700,FLD,0,,,,,,,,False,FIELD_TRADE_SIZE,long_value,23,457
2021-11-01 13:00:36.884700,FLD,0,,,,,,,,False,FIELD_TRADING_CONDITION,string_value,0,457
2021-11-01 13:00:36.884700,FLD,0,,,,,,,,False,FIELD_TRADE_ID,string_value,1200368416524495959,457
2021-11-01 13:00:36.934800,MBO,1,ACTION_SET,SIDE_BID,59.57,101,,1635768036920302441,,False,,,,458
2021-11-01 13:00:37.702800,MBO,1,ACTION_CLEAR,,0.0,0,,1635767974536493835,,False,,,,459
2021-11-01 13:00:37.702800,MBO,1,ACTION_SET,SIDE_BID,59.58,62,,1635768037649991268,,False,,,,460
2021-11-01 13:00:37.740600,MBO,1,ACTION_CLEAR,SIDE_BID,0.0,0,,1635767975693506999,,False,,,,461
2021-11-01 13:00:37.802500,MBO,1,ACTION_SET,SIDE_BID,59.56,171,,1635768037768717356,,False,,,,462
2021-11-01 13:00:37.812100,MBO,1,ACTION_CLEAR,SIDE_BID,0.0,0,,1635767975670399844,,False,,,,463
2021-11-01 13:00:37.891100,MBO,1,ACTION_SET,SIDE_BID,59.56,242,,1635768037881841309,,False,,,,464
2021-11-01 13:00:38.733100,MBO,1,ACTION_SET,,59.72,104,,1635768038716135967,,False,,,,465
2021-11-01 13:00:38.865600,MBO,1,ACTION_CLEAR,SIDE_BID,0.0,0,,1635768012834067195,,False,,,,466
2021-11-01 13:00:38.865600,MBO,1,ACTION_CLEAR,SIDE_BID,0.0,0,,1635768010446817981,,False,,,,467
2021-11-01 13:00:38.865600,MBO,1,ACTION_SET,SIDE_BID,59.58,91,,1635768038836983332,,False,,,,468
2021-11-01 13:00:38.865600,MBO,1,ACTION_SET,SIDE_BID,59.58,162,,1635768038837031421,,False,,,,469
2021-11-01 13:00:38.865600,MBO,1,ACTION_SET,SIDE_BID,59.58,26,,1635768038837067322,,False,,,,470
2021-11-01 13:00:38.865600,MBO,1,ACTION_SET,SIDE_BID,59.59,125,,1635768038837087379,,False,,,,471
2021-11-01 13:00:38.865600,MBO,1,ACTION_CLEAR,,0.0,0,,1635768036693848895,,False,,,,472
2021-11-01 13:00:38.865600,MBO,1,ACTION_SET,,60.79,25,,1635768038837149288,,False,,,,473
2021-11-01 13:00:38.865600,MBO,1,ACTION_SET,SIDE_BID,59.59,100,,1635768038837220422,,False,,,,474
2021-11-01 13:00:38.865600,MBO,1,ACTION_CLEAR,,0.0,0,,1635767974654636217,,False,,,,475
2021-11-01 13:00:38.865600,MBO,1,ACTION_SET,SIDE_BID,59.57,84,,1635768038837278584,,False,,,,476
2021-11-01 13:00:38.865600,MBO,1,ACTION_CLEAR,,0.0,0,,1635768015789228150,,False,,,,477
2021-11-01 13:00:38.865600,MBO,1,ACTION_SET,SIDE_BID,59.57,137,,1635768038837536241,,False,,,,478
2021-11-01 13:00:38.865600,MBO,1,ACTION_CLEAR,SIDE_BID,0.0,0,,1635767976615695374,,False,,,,479
2021-11-01 13:00:38.865600,MBO,1,ACTION_SET,SIDE_BID,59.47,104,,1635768038837663475,,False,,,,480
2021-11-01 13:00:38.865600,MBO,1,ACTION_SET,SIDE_BID,59.59,35,,1635768038838081134,,False,,,,481
2021-11-01 13:00:38.865600,MBO,1,ACTION_CLEAR,SIDE_BID,0.0,0,,1635768036841767953,,False,,,,482
2021-11-01 13:00:38.865600,MBO,1,ACTION_CLEAR,SIDE_BID,0.0,0,,1635768026819328429,,False,,,,483
2021-11-01 13:00:38.865600,MBO,1,ACTION_CLEAR,SIDE_BID,0.0,0,,1635768036803309104,,False,,,,484
2021-11-01 13:00:38.865600,MBO,1,ACTION_SET,SIDE_BID,59.43,114,,1635768038838358510,,False,,,,485
2021-11-01 13:00:38.865600,MBO,1,ACTION_CLEAR,SIDE_BID,0.0,0,,1635768015772028787,,False,,,,486
2021-11-01 13:00:38.865600,MBO,1,ACTION_SET,SIDE_BID,59.43,271,,1635768038838739704,,False,,,,487
2021-11-01 13:00:38.903200,MBO,1,ACTION_SET,SIDE_BID,59.49,400,,1635768038852658027,,False,,,,488
2021-11-01 13:00:38.903200,MBO,1,ACTION_CLEAR,SIDE_BID,0.0,0,,1635767975664234271,,False,,,,489
2021-11-01 13:00:38.903200,MBO,1,ACTION_SET,SIDE_BID,59.28,167,,1635768038861460515,,False,,,,490
2021-11-01 13:00:38.951300,MBO,1,ACTION_CLEAR,SIDE_BID,0.0,0,,1635767950104339951,,False,,,,491
2021-11-01 13:00:39.065100,MBO,1,ACTION_CLEAR,SIDE_BID,0.0,0,,1635768038837220422,,False,,,,492
2021-11-01 13:00:39.303600,MBO,1,ACTION_CLEAR,SIDE_BID,0.0,0,,1635768020179316595,,False,,,,493
2021-11-01 13:00:39.303600,MBO,1,ACTION_SET,SIDE_BID,59.58,16,,1635768039278460402,,False,,,,494
2021-11-01 13:00:39.467100,MBO,1,ACTION_CLEAR,SIDE_BID,0.0,0,,1635767977165914556,,False,,,,495
2021-11-01 13:00:39.467100,MBO,1,ACTION_SET,SIDE_BID,59.56,149,,1635768039463443160,,False,,,,496
2021-11-01 13:00:41.348700,MBO,1,ACTION_CLEAR,SIDE_BID,0.0,0,,1635768036842157203,,False,,,,497
2021-11-01 13:00:41.348700,MBO,1,ACTION_CLEAR,SIDE_BID,0.0,0,,1635768038837087379,,False,,,,498
2021-11-01 13:00:41.348700,MBO,1,ACTION_SET,SIDE_BID,59.59,35,,1635768038838081134,,False,,,,499
2021-11-01 13:00:41.348700,MBO,1,ACTION_CLEAR,SIDE_BID,0.0,0,,1635768038837278584,,False,,,,500
2021-11-01 13:00:41.348700,MBO,1,ACTION_CLEAR,,0.0,0,,1635768038837149288,,False,,,,501
2021-11-01 13:00:41.348700,MBO,1,ACTION_SET,,59.6,25,,1635768041336807841,,False,,,,502
2021-11-01 13:00:41.348700,MBO,1,ACTION_CLEAR,SIDE_BID,0.0,0,,1635768038838081134,,False,,,,503
2021-11-01 13:00:41.348700,MBO,1,ACTION_SET,SIDE_BID,59.58,69,,1635768036701857678,,False,,,,504
2021-11-01 13:00:41.348700,MBO,1,ACTION_CLEAR,SIDE_BID,0.0,0,,1635768038837031421,,False,,,,505
2021-11-01 13:00:41.348700,MBO,1,ACTION_SET,,59.6,162,,1635768041336928966,,False,,,,506
2021-11-01 13:00:41.348700,MBO,1,ACTION_CLEAR,SIDE_BID,0.0,0,,1635768037649991268,,False,,,,507
2021-11-01 13:00:41.348700,MBO,1,ACTION_CLEAR,SIDE_BID,0.0,0,,1635768038837067322,,False,,,,508
2021-11-01 13:00:41.348700,MBO,1,ACTION_SET,SIDE_BID,58.39,26,,1635768041336961050,,False,,,,509
2021-11-01 13:00:41.348700,MBO,1,ACTION_SET,,59.6,45,,1635768041336984549,,False,,,,510
2021-11-01 13:00:41.348700,MBO,1,ACTION_CLEAR,SIDE_BID,0.0,0,,1635768038837663475,,False,,,,511
2021-11-01 13:00:41.348700,MBO,1,ACTION_SET,,59.6,35,,1635768041337676990,,False,,,,512
2021-11-01 13:00:41.429200,MBO,1,ACTION_CLEAR,,0.0,0,,1635768041336807841,,False,,,,513
2021-11-01 13:00:41.429200,MBO,1,ACTION_SET,,60.79,25,,1635768041404562481,,False,,,,514
2021-11-01 13:00:41.468200,MBO,1,ACTION_SET,,59.61,101,,1635768041435365361,,False,,,,515
2021-11-01 13:00:41.468200,MBO,1,ACTION_SET,SIDE_BID,59.17,84,,1635768041436922016,,False,,,,516
2021-11-01 13:00:41.468200,MBO,1,ACTION_CLEAR,SIDE_BID,0.0,0,,1635768036842190379,,False,,,,517
2021-11-01 13:00:41.468200,MBO,1,ACTION_CLEAR,,0.0,0,,1635768041404562481,,False,,,,518
2021-11-01 13:00:41.468200,MBO,1,ACTION_SET,,59.6,25,,1635768041446785829,,False,,,,519
2021-11-01 13:00:41.468200,MBO,1,ACTION_SET,,59.6,62,,1635768041446835175,,False,,,,520
2021-11-01 13:00:41.468200,MBO,1,ACTION_SET,,59.6,35,,1635768041447045257,,False,,,,521
2021-11-01 13:00:41.468200,MBO,1,ACTION_SET,,59.6,53,,1635768041447150077,,False,,,,522
2021-11-01 13:00:41.468200,MBO,1,ACTION_SET,,59.59,125,,1635768041447193027,,False,,,,523
2021-11-01 13:00:41.468200,MBO,1,ACTION_CLEAR,SIDE_BID,0.0,0,,1635768036920302441,,False,,,,524
2021-11-01 13:00:41.468200,MBO,1,ACTION_SET,SIDE_BID,59.58,35,,1635768041447275896,,False,,,,525
2021-11-01 13:00:41.468200,MBO,1,ACTION_SET,,59.62,90,,1635768041447288365,,False,,,,526
2021-11-01 13:00:41.468200,MBO,1,ACTION_CLEAR,SIDE_BID,0.0,0,,1635768036843359971,,False,,,,527
2021-11-01 13:00:41.468200,MBO,1,ACTION_CLEAR,,0.0,0,,1635768036843425037,,False,,,,528
2021-11-01 13:00:41.468200,MBO,1,ACTION_SET,,59.75,271,,1635768041448587045,,False,,,,529
2021-11-01 13:00:41.878400,MBO,1,ACTION_CLEAR,,0.0,0,,1635768041447193027,,False,,,,530
2021-11-01 13:00:41.878400,MBO,1,ACTION_SET,,59.6,800,,1635767960908113199,,False,,,,531
2021-11-01 13:00:41.878400,MBO,1,ACTION_CLEAR,SIDE_BID,0.0,0,,1635768041447275896,,False,,,,532
2021-11-01 13:00:41.878400,MBO,1,ACTION_CLEAR,,0.0,0,,1635768041446835175,,False,,,,533
2021-11-01 13:00:41.878400,MBO,1,ACTION_CLEAR,,0.0,0,,1635768041447288365,,False,,,,534
2021-11-01 13:00:41.899400,MBO,1,ACTION_SET,,59.6,100,,1635768041891416686,,False,,,,535
2021-11-01 13:00:41.972200,MBO,1,ACTION_SET,SIDE_BID,59.57,101,,1635768041960367147,,False,,,,536
2021-11-01 13:00:42.439800,MBO,1,ACTION_SET,,59.59,365,,1635768042429579823,,False,,,,537
2021-11-01 13:00:42.439800,MBO,1,ACTION_CLEAR,SIDE_BID,0.0,0,,1635768041960367147,,False,,,,538
2021-11-01 13:00:43.426300,MBO,1,ACTION_SET,SIDE_BID,59.46,104,,1635768043415906288,,False,,,,539
2021-11-01 13:00:43.906900,MBO,1,ACTION_SET,,59.63,84,,1635768043861683666,,False,,,,540
2021-11-01 13:00:43.947000,MBO,1,ACTION_SET,,59.61,279,,1635768043899615385,,False,,,,541
2021-11-01 13:00:44.110500,MBO,1,ACTION_CLEAR,,0.0,0,,1635768036793925280,,False,,,,542
2021-11-01 13:00:44.825600,MBO,1,ACTION_CLEAR,,0.0,0,,1635768042429579823,,False,,,,543
2021-11-01 13:00:44.825600,MBO,1,ACTION_SET,,59.6,800,,1635767960908113199,,False,,,,544
2021-11-01 13:00:44.825600,MBO,1,ACTION_CLEAR,,0.0,0,,1635768043861683666,,False,,,,545
2021-11-01 13:00:44.825600,MBO,1,ACTION_CLEAR,,0.0,0,,1635768041336984549,,False,,,,546
2021-11-01 13:00:44.825600,MBO,1,ACTION_SET,,59.59,125,,1635768044794764847,,False,,,,547
2021-11-01 13:00:44.825600,MBO,1,ACTION_SET,SIDE_BID,59.58,35,,1635768044794784787,,False,,,,548
2021-11-01 13:00:44.825600,MBO,1,ACTION_CLEAR,SIDE_BID,0.0,0,,1635768044794784787,,False,,,,549
2021-11-01 13:00:44.825600,MBO,1,ACTION_CLEAR,SIDE_BID,0.0,0,,1635768027243844264,,False,,,,550
2021-11-01 13:00:44.825600,MBO,1,ACTION_SET,SIDE_BID,58.38,15,,1635768044794851468,,False,,,,551
2021-11-01 13:00:44.902900,MBO,1,ACTION_SET,,60.03,84,,1635768044894842294,,False,,,,552
2021-11-01 13:00:46.740900,MBO,1,ACTION_CLEAR,,0.0,0,,1635767979632666330,,False,,,,553
2021-11-01 13:00:46.814900,MBO,1,ACTION_SET,,59.79,400,,1635768046799328245,,False,,,,554
2021-11-01 13:00:47.385700,MBO,1,ACTION_SET,,59.59,34,,1635768047367007110,,False,,,,555
2021-11-01 13:00:47.429200,MBO,1,ACTION_SET,SIDE_BID,59.58,58,,1635768047406765898,,False,,,,556
2021-11-01 13:00:49.741700,MBO,1,ACTION_CLEAR,SIDE_BID,0.0,0,,1635768038852658027,,False,,,,557
2021-11-01 13:00:49.840700,MBO,1,ACTION_SET,SIDE_BID,59.48,400,,1635768049812655136,,False,,,,558
2021-11-01 13:00:52.581400,MBO,1,ACTION_SET,,59.59,98,,1635768052562784980,,False,,,,559
2021-11-01 13:00:52.581400,MBO,1,ACTION_SET,,59.63,84,,1635768052562832869,,False,,,,560
2021-11-01 13:00:52.581400,MBO,1,ACTION_CLEAR,,0.0,0,,1635768052562784980,,False,,,,561
2021-11-01 13:00:52.827400,MBO,1,ACTION_CLEAR,,0.0,0,,1635768044894842294,,False,,,,562
2021-11-01 13:00:53.354800,MBO,1,ACTION_CLEAR,,0.0,0,,1635768052562832869,,False,,,,563
2021-11-01 13:00:53.459900,MBO,1,ACTION_CLEAR,,0.0,0,,1635767942223358592,,False,,,,564
2021-11-01 13:00:53.459900,MBO,1,ACTION_SET,,60.03,84,,1635768053441177597,,False,,,,565
2021-11-01 13:00:56.079600,MBO,1,ACTION_CLEAR,,0.0,0,,1635768041891416686,,False,,,,566
2021-11-01 13:00:56.079600,MBO,1,ACTION_CLEAR,,0.0,0,,1635768044794764847,,False,,,,567
2021-11-01 13:00:56.079600,MBO,1,ACTION_SET,,59.59,34,,1635768047367007110,,False,,,,568
2021-11-01 13:00:56.079600,MBO,1,ACTION_SET,SIDE_BID,59.58,35,,1635768056070789033,,False,,,,569
2021-11-01 13:00:56.079600,MBO,1,ACTION_SET,SIDE_BID,59.58,100,,1635768056070797994,,False,,,,570
2021-11-01 13:00:56.079600,MBO,1,ACTION_CLEAR,,0.0,0,,1635768041337676990,,False,,,,571
2021-11-01 13:00:56.079600,MBO,1,ACTION_CLEAR,SIDE_BID,0.0,0,,1635768041336961050,,False,,,,572
2021-11-01 13:00:56.079600,MBO,1,ACTION_SET,SIDE_BID,59.58,26,,1635768056070863105,,False,,,,573
2021-11-01 13:00:58.001000,MBO,1,ACTION_CLEAR,,0.0,0,,1635768041447150077,,False,,,,574
2021-11-01 13:00:58.001000,MBO,1,ACTION_CLEAR,,0.0,0,,1635768041447045257,,False,,,,575
2021-11-01 13:00:58.001000,MBO,1,ACTION_SET,SIDE_BID,59.58,125,,1635768057957715803,,False,,,,576
2021-11-01 13:00:58.266600,FLD,0,,,,,,,,False,FIELD_TRADE_PRICE,double_value,59.59,577
2021-11-01 13:00:58.266600,FLD,0,,,,,,,,False,FIELD_TRADE_SIZE,long_value,34,577
2021-11-01 13:00:58.266600,FLD,0,,,,,,,,False,FIELD_TRADING_CONDITION,string_value,0,577
2021-11-01 13:00:58.266600,FLD,0,,,,,,,,False,FIELD_TRADE_ID,string_value,1200582256940775959,577
2021-11-01 13:00:58.269100,MBO,1,ACTION_CLEAR,SIDE_BID,0.0,0,,1635768036693308592,,False,,,,578
2021-11-01 13:00:58.269100,MBO,1,ACTION_SET,SIDE_BID,59.58,30,,1635768058224864280,,False,,,,579
2021-11-01 13:00:58.269100,MBO,1,ACTION_CLEAR,,0.0,0,,1635768047367007110,,False,,,,580
2021-11-01 13:00:58.269100,MBO,1,ACTION_SET,,59.6,800,,1635767960908113199,,False,,,,581
2021-11-01 13:00:58.269100,MBO,1,ACTION_CLEAR,,0.0,0,,1635768036705994367,,False,,,,582
2021-11-01 13:00:58.269100,MBO,1,ACTION_SET,SIDE_BID,59.59,110,,1635768058225807645,,False,,,,583
2021-11-01 13:00:58.269100,MBO,1,ACTION_SET,,59.6,35,,1635768058225824504,,False,,,,584
2021-11-01 13:00:58.269100,MBO,1,ACTION_CLEAR,,0.0,0,,1635768041435365361,,False,,,,585
2021-11-01 13:00:58.269100,MBO,1,ACTION_SET,SIDE_BID,59.58,162,,1635768058225868208,,False,,,,586
2021-11-01 13:00:58.269100,MBO,1,ACTION_CLEAR,SIDE_BID,0.0,0,,1635768056070789033,,False,,,,587
2021-11-01 13:00:58.269100,MBO,1,ACTION_CLEAR,,0.0,0,,1635768041336928966,,False,,,,588
2021-11-01 13:00:58.269100,MBO,1,ACTION_CLEAR,,0.0,0,,1635768043899615385,,False,,,,589
2021-11-01 13:00:58.269100,MBO,1,ACTION_CLEAR,,0.0,0,,1635768058225824504,,False,,,,590
2021-11-01 13:00:58.269100,MBO,1,ACTION_SET,SIDE_BID,59.57,84,,1635768058226449081,,False,,,,591
2021-11-01 13:00:58.269100,MBO,1,ACTION_SET,SIDE_BID,59.57,101,,1635768058235575656,,False,,,,592
2021-11-01 13:00:58.269100,MBO,1,ACTION_CLEAR,SIDE_BID,0.0,0,,1635768047406765898,,False,,,,593
2021-11-01 13:00:58.339800,MBO,1,ACTION_SET,,59.7,400,,1635768058325986952,,False,,,,594
2021-11-01 13:00:58.350000,MBO,1,ACTION_CLEAR,SIDE_BID,0.0,0,,1635768041436922016,,False,,,,595
2021-11-01 13:01:00.740700,MBO,1,ACTION_CLEAR,SIDE_BID,0.0,0,,1635767999865992645,,False,,,,596
2021-11-01 13:01:00.949000,MBO,1,ACTION_SET,SIDE_BID,59.39,400,,1635768060919321788,,False,,,,597
2021-11-01 13:01:06.143100,MBO,1,ACTION_CLEAR,,0.0,0,,1635768003542097709,,False,,,,598
2021-11-01 13:01:06.286600,MBO,1,ACTION_SET,,59.75,165,,1635768066264541319,,False,,,,599
2021-11-01 13:01:06.825300,MBO,1,ACTION_CLEAR,SIDE_BID,0.0,0,,1635768058226449081,,False,,,,600
2021-11-01 13:01:06.825300,MBO,1,ACTION_SET,SIDE_BID,59.58,17,,1635768066815419460,,False,,,,601
2021-11-01 13:01:06.936000,MBO,1,ACTION_SET,SIDE_BID,59.17,84,,1635768066914990797,,False,,,,602
2021-11-01 13:01:07.283700,MBO,1,ACTION_SET,SIDE_BID,59.57,84,,1635768067257045035,,False,,,,603
2021-11-01 13:01:07.321700,MBO,1,ACTION_CLEAR,SIDE_BID,0.0,0,,1635768066914990797,,False,,,,604
2021-11-01 13:01:07.378500,MBO,1,ACTION_SET,SIDE_BID,59.59,34,,1635768067371040705,,False,,,,605
2021-11-01 13:01:07.385700,MBO,1,ACTION_CLEAR,SIDE_BID,0.0,0,,1635768012414088631,,False,,,,606
2021-11-01 13:01:08.252500,MBO,1,ACTION_CLEAR,SIDE_BID,0.0,0,,1635767995703416806,,False,,,,607
2021-11-01 13:01:08.252500,MBO,1,ACTION_CLEAR,,0.0,0,,1635768046799328245,,False,,,,608
2021-11-01 13:01:08.276700,MBO,1,ACTION_SET,SIDE_BID,59.59,35,,1635768068268540130,,False,,,,609
2021-11-01 13:01:08.330400,MBO,1,ACTION_SET,,59.8,400,,1635768068279322343,,False,,,,610
2021-11-01 13:01:09.261000,MBO,1,ACTION_CLEAR,,0.0,0,,1635767971233744108,,False,,,,611
2021-11-01 13:01:10.554600,MBO,1,ACTION_SET,SIDE_BID,59.59,7,,1635768070532608898,,False,,,,612
2021-11-01 13:01:13.438200,MBO,1,ACTION_CLEAR,SIDE_BID,0.0,0,,1635768015088918065,,False,,,,613
2021-11-01 13:01:13.438200,MBO,1,ACTION_SET,SIDE_BID,59.59,327,,1635768073404028151,,False,,,,614
2021-11-01 13:01:13.438200,MBO,1,ACTION_CLEAR,SIDE_BID,0.0,0,,1635768044794851468,,False,,,,615
2021-11-01 13:01:13.438200,MBO,1,ACTION_SET,SIDE_BID,59.59,15,,1635768073404106337,,False,,,,616
2021-11-01 13:01:13.438200,MBO,1,ACTION_CLEAR,,0.0,0,,1635768041446785829,,False,,,,617
2021-11-01 13:01:13.438200,MBO,1,ACTION_SET,,60.79,25,,1635768073404116459,,False,,,,618
2021-11-01 13:01:13.647300,MBO,1,ACTION_CLEAR,,0.0,0,,1635768073404116459,,False,,,,619
2021-11-01 13:01:14.192100,MBO,1,ACTION_SET,SIDE_BID,59.59,90,,1635768074163580513,,False,,,,620
2021-11-01 13:01:14.192100,MBO,1,ACTION_CLEAR,SIDE_BID,0.0,0,,1635767968766366448,,False,,,,621
2021-11-01 13:01:16.140000,MBO,1,ACTION_SET,SIDE_BID,59.59,100,,1635768076094459363,,False,,,,622
2021-11-01 13:01:16.140000,MBO,1,ACTION_CLEAR,SIDE_BID,0.0,0,,1635768056070797994,,False,,,,623
2021-11-01 13:01:16.176500,MBO,1,ACTION_CLEAR,SIDE_BID,0.0,0,,1635768076094459363,,False,,,,624
2021-11-01 13:01:18.205700,MBO,1,ACTION_SET,SIDE_BID,59.58,99,,1635768078183742057,,False,,,,625
2021-11-01 13:01:18.216000,MBO,1,ACTION_CLEAR,SIDE_BID,0.0,0,,1635767889702819940,,False,,,,626
2021-11-01 13:01:19.699200,MBO,1,ACTION_CLEAR,SIDE_BID,0.0,0,,1635767995071143341,,False,,,,627
2021-11-01 13:01:22.172400,MBO,1,ACTION_SET,SIDE_BID,59.59,96,,1635768082156047457,,False,,,,628
2021-11-01 13:01:22.951500,MBO,1,ACTION_CLEAR,SIDE_BID,0.0,0,,1635767998738854384,,False,,,,629
2021-11-01 13:01:23.362500,MBO,1,ACTION_SET,SIDE_BID,59.59,317,,1635768083356042078,,False,,,,630
2021-11-01 13:01:23.362500,MBO,1,ACTION_SET,SIDE_BID,59.59,62,,1635768083356120329,,False,,,,631
2021-11-01 13:01:24.953000,MBO,1,ACTION_SET,SIDE_BID,59.57,440,,1635768084940090740,,False,,,,632
2021-11-01 13:01:24.953000,MBO,1,ACTION_CLEAR,SIDE_BID,0.0,0,,1635767975535992573,,False,,,,633
2021-11-01 13:01:25.749500,MBO,1,ACTION_SET,,60.0,334,,1635768085729741461,,False,,,,634
2021-11-01 13:01:26.672900,MBO,1,ACTION_CLEAR,,0.0,0,,1635767960908113199,,False,,,,635
2021-11-01 13:01:26.672900,MBO,1,ACTION_SET,,59.6,97,,1635767967742054409,,False,,,,636
2021-11-01 13:01:26.672900,MBO,1,ACTION_CLEAR,,0.0,0,,1635767967742054409,,False,,,,637
2021-11-01 13:01:26.672900,MBO,1,ACTION_SET,,59.61,116,,1635767752922564068,,False,,,,638
2021-11-01 13:01:26.672900,MBO,1,ACTION_CLEAR,,0.0,0,,1635768058325986952,,False,,,,639
2021-11-01 13:01:26.672900,MBO,1,ACTION_SET,SIDE_BID,59.6,130,,1635768086635025998,,False,,,,640
2021-11-01 13:01:26.672900,MBO,1,ACTION_SET,SIDE_BID,59.59,100,,1635768086635045458,,False,,,,641
2021-11-01 13:01:26.672900,MBO,1,ACTION_CLEAR,SIDE_BID,0.0,0,,1635768083356120329,,False,,,,642
2021-11-01 13:01:26.672900,MBO,1,ACTION_SET,SIDE_BID,59.59,25,,1635768086635068883,,False,,,,643
2021-11-01 13:01:26.672900,MBO,1,ACTION_CLEAR,,0.0,0,,1635767950001400544,,False,,,,644
2021-11-01 13:01:26.672900,MBO,1,ACTION_CLEAR,,0.0,0,,1635767950084354991,,False,,,,645
2021-11-01 13:01:26.672900,MBO,1,ACTION_SET,SIDE_BID,59.6,22,,1635768086635118923,,False,,,,646
2021-11-01 13:01:26.672900,MBO,1,ACTION_CLEAR,,0.0,0,,1635768036748743436,,False,,,,647
2021-11-01 13:01:26.672900,MBO,1,ACTION_CLEAR,,0.0,0,,1635767971825774502,,False,,,,648
2021-11-01 13:01:26.672900,MBO,1,ACTION_CLEAR,,0.0,0,,1635767752922564068,,False,,,,649
2021-11-01 13:01:26.672900,MBO,1,ACTION_SET,,59.62,62,,1635767160450482412,,False,,,,650
2021-11-01 13:01:26.672900,MBO,1,ACTION_SET,SIDE_BID,59.59,155,,1635768086635457729,,False,,,,651
2021-11-01 13:01:26.672900,MBO,1,ACTION_CLEAR,,0.0,0,,1635767945170655375,,False,,,,652
2021-11-01 13:01:26.672900,MBO,1,ACTION_CLEAR,,0.0,0,,1635767940809284694,,False,,,,653
2021-11-01 13:01:26.672900,MBO,1,ACTION_SET,,59.62,28,,1635768086635502318,,False,,,,654
2021-11-01 13:01:26.672900,MBO,1,ACTION_SET,SIDE_BID,59.6,125,,1635768086635521806,,False,,,,655
2021-11-01 13:01:26.672900,MBO,1,ACTION_CLEAR,,0.0,0,,1635768038716135967,,False,,,,656
2021-11-01 13:01:26.672900,MBO,1,ACTION_SET,,59.62,100,,1635768086635545374,,False,,,,657
2021-11-01 13:01:26.672900,MBO,1,ACTION_SET,,59.62,78,,1635768086635559649,,False,,,,658
2021-11-01 13:01:26.672900,MBO,1,ACTION_SET,,59.62,100,,1635768086635577633,,False,,,,659
2021-11-01 13:01:26.672900,MBO,1,ACTION_SET,,59.62,46,,1635768086635582546,,False,,,,660
2021-11-01 13:01:26.672900,MBO,1,ACTION_CLEAR,,0.0,0,,1635767891259235007,,False,,,,661
2021-11-01 13:01:26.672900,MBO,1,ACTION_CLEAR,,0.0,0,,1635767970820101591,,False,,,,662
2021-11-01 13:01:26.672900,MBO,1,ACTION_CLEAR,,0.0,0,,1635768036699640064,,False,,,,663
2021-11-01 13:01:26.672900,MBO,1,ACTION_CLEAR,,0.0,0,,1635767950005651323,,False,,,,664
2021-11-01 13:01:26.672900,MBO,1,ACTION_SET,SIDE_BID,59.6,35,,1635768086636887764,,False,,,,665
2021-11-01 13:01:26.672900,MBO,1,ACTION_CLEAR,SIDE_BID,0.0,0,,1635768068268540130,,False,,,,666
2021-11-01 13:01:26.672900,MBO,1,ACTION_CLEAR,SIDE_BID,0.0,0,,1635768038838739704,,False,,,,667
2021-11-01 13:01:26.672900,MBO,1,ACTION_SET,SIDE_BID,59.44,271,,1635768086637606805,,False,,,,668
2021-11-01 13:01:26.672900,MBO,1,ACTION_CLEAR,,0.0,0,,1635768036696877441,,False,,,,669
2021-11-01 13:01:26.672900,MBO,1,ACTION_SET,,59.65,83,,1635768086637636668,,False,,,,670
2021-11-01 13:01:26.672900,MBO,1,ACTION_SET,,59.71,106,,1635768086637663216,,False,,,,671
2021-11-01 13:01:26.672900,MBO,1,ACTION_SET,SIDE_BID,59.6,34,,1635768086638745297,,False,,,,672
2021-11-01 13:01:26.672900,MBO,1,ACTION_CLEAR,SIDE_BID,0.0,0,,1635768073404028151,,False,,,,673
2021-11-01 13:01:26.672900,MBO,1,ACTION_SET,,59.64,289,,1635768086642006466,,False,,,,674
2021-11-01 13:01:26.672900,MBO,1,ACTION_CLEAR,,0.0,0,,1635767891244681300,,False,,,,675
2021-11-01 13:01:26.672900,MBO,1,ACTION_SET,,59.67,83,,1635768086642978291,,False,,,,676
2021-11-01 13:01:26.672900,MBO,1,ACTION_SET,SIDE_BID,59.6,90,,1635768086643026353,,False,,,,677
2021-11-01 13:01:26.672900,MBO,1,ACTION_CLEAR,SIDE_BID,0.0,0,,1635768067371040705,,False,,,,678
2021-11-01 13:01:26.672900,MBO,1,ACTION_CLEAR,SIDE_BID,0.0,0,,1635768082156047457,,False,,,,679
2021-11-01 13:01:26.672900,MBO,1,ACTION_SET,SIDE_BID,59.6,328,,1635768086650014670,,False,,,,680
2021-11-01 13:01:26.672900,MBO,1,ACTION_SET,SIDE_BID,59.58,440,,1635768086652848116,,False,,,,681
2021-11-01 13:01:26.672900,MBO,1,ACTION_CLEAR,SIDE_BID,0.0,0,,1635767891236785967,,False,,,,682
2021-11-01 13:01:26.672900,MBO,1,ACTION_CLEAR,,0.0,0,,1635768086635545374,,False,,,,683
2021-11-01 13:01:26.672900,MBO,1,ACTION_CLEAR,SIDE_BID,0.0,0,,1635768006766280883,,False,,,,684
2021-11-01 13:01:26.672900,FLD,0,,,,,,,,False,FIELD_TRADE_PRICE,double_value,59.6,685
2021-11-01 13:01:26.672900,FLD,0,,,,,,,,False,FIELD_TRADE_SIZE,long_value,800,685
2021-11-01 13:01:26.672900,FLD,0,,,,,,,,False,FIELD_TRADING_CONDITION,string_value,0,685
2021-11-01 13:01:26.672900,FLD,0,,,,,,,,False,FIELD_TRADE_ID,string_value,120126634881337596,685
2021-11-01 13:01:26.672900,FLD,0,,,,,,,,False,FIELD_TRADE_PRICE,double_value,59.6,686
2021-11-01 13:01:26.672900,FLD,0,,,,,,,,False,FIELD_TRADE_SIZE,long_value,97,686
2021-11-01 13:01:26.672900,FLD,0,,,,,,,,False,FIELD_TRADING_CONDITION,string_value,0,686
2021-11-01 13:01:26.672900,FLD,0,,,,,,,,False,FIELD_TRADE_ID,string_value,120126634881337596,686
2021-11-01 13:01:26.712900,MBO,1,ACTION_SET,SIDE_BID,59.6,96,,1635768086659112646,,False,,,,687
2021-11-01 13:01:26.712900,MBO,1,ACTION_CLEAR,SIDE_BID,0.0,0,,1635768086635118923,,False,,,,688
2021-11-01 13:01:26.712900,MBO,1,ACTION_SET,SIDE_BID,58.41,22,,1635768086659186896,,False,,,,689
2021-11-01 13:01:26.712900,MBO,1,ACTION_CLEAR,,0.0,0,,1635768086635502318,,False,,,,690
2021-11-01 13:01:26.712900,MBO,1,ACTION_SET,,60.81,28,,1635768086659216854,,False,,,,691
2021-11-01 13:01:26.712900,MBO,1,ACTION_CLEAR,SIDE_BID,0.0,0,,1635768086659186896,,False,,,,692
2021-11-01 13:01:26.712900,MBO,1,ACTION_SET,SIDE_BID,59.6,22,,1635768086659323773,,False,,,,693
2021-11-01 13:01:26.712900,MBO,1,ACTION_CLEAR,,0.0,0,,1635768036708016782,,False,,,,694
2021-11-01 13:01:26.712900,MBO,1,ACTION_CLEAR,SIDE_BID,0.0,0,,1635767975704659215,,False,,,,695
2021-11-01 13:01:26.712900,MBO,1,ACTION_SET,SIDE_BID,59.59,101,,1635768086690862963,,False,,,,696
2021-11-01 13:01:26.712900,MBO,1,ACTION_SET,,59.79,101,,1635768086690870985,,False,,,,697
2021-11-01 13:01:26.720200,MBO,1,ACTION_SET,,59.64,171,,1635768086705933035,,False,,,,698
2021-11-01 13:01:26.720200,MBO,1,ACTION_SET,,59.71,400,,1635768086705987093,,False,,,,699
2021-11-01 13:01:26.779200,MBO,1,ACTION_CLEAR,SIDE_BID,0.0,0,,1635768012320777232,,False,,,,700
2021-11-01 13:01:26.779200,MBO,1,ACTION_SET,SIDE_BID,58.37,19,,1635768086729210230,,False,,,,701
2021-11-01 13:01:26.779200,MBO,1,ACTION_SET,,59.64,217,,1635768086729223914,,False,,,,702
2021-11-01 13:01:26.779200,MBO,1,ACTION_SET,,60.05,84,,1635768086735647776,,False,,,,703
2021-11-01 13:01:26.779200,MBO,1,ACTION_CLEAR,SIDE_BID,0.0,0,,1635768049812655136,,False,,,,704
2021-11-01 13:01:26.779200,MBO,1,ACTION_CLEAR,SIDE_BID,0.0,0,,1635768070532608898,,False,,,,705
2021-11-01 13:01:26.779200,MBO,1,ACTION_SET,SIDE_BID,59.6,7,,1635768086738929711,,False,,,,706
2021-11-01 13:01:26.779200,MBO,1,ACTION_SET,,59.67,90,,1635768086739925739,,False,,,,707
2021-11-01 13:01:26.818400,MBO,1,ACTION_CLEAR,SIDE_BID,0.0,0,,1635767764022286712,,False,,,,708
2021-11-01 13:01:26.818400,MBO,1,ACTION_SET,SIDE_BID,59.58,101,,1635768086795864647,,False,,,,709
2021-11-01 13:01:26.818400,MBO,1,ACTION_SET,,59.8,101,,1635768086795872803,,False,,,,710
2021-11-01 13:01:26.824300,MBO,1,ACTION_SET,SIDE_BID,59.6,61,,1635768086801529075,,False,,,,711
2021-11-01 13:01:26.824300,MBO,1,ACTION_CLEAR,,0.0,0,,1635767740590244805,,False,,,,712
2021-11-01 13:01:26.837000,MBO,1,ACTION_SET,SIDE_BID,59.5,400,,1635768086819323979,,False,,,,713
2021-11-01 13:01:27.022700,MBO,1,ACTION_CLEAR,,0.0,0,,1635768012858783640,,False,,,,714
2021-11-01 13:01:27.022700,MBO,1,ACTION_SET,SIDE_BID,59.6,155,,1635768087010165418,,False,,,,715
2021-11-01 13:01:27.022700,MBO,1,ACTION_CLEAR,,0.0,0,,1635767741259266455,,False,,,,716
2021-11-01 13:01:27.022700,MBO,1,ACTION_CLEAR,SIDE_BID,0.0,0,,1635768086801529075,,False,,,,717
2021-11-01 13:01:27.022700,MBO,1,ACTION_SET,SIDE_BID,59.61,125,,1635768087010212526,,False,,,,718
2021-11-01 13:01:27.022700,MBO,1,ACTION_SET,,59.94,167,,1635768087010231779,,False,,,,719
2021-11-01 13:01:27.022700,MBO,1,ACTION_SET,SIDE_BID,59.6,100,,1635768087010244452,,False,,,,720
2021-11-01 13:01:27.022700,MBO,1,ACTION_SET,SIDE_BID,59.6,34,,1635768087010262904,,False,,,,721
2021-11-01 13:01:27.022700,MBO,1,ACTION_CLEAR,,0.0,0,,1635767741342002272,,False,,,,722
2021-11-01 13:01:27.022700,MBO,1,ACTION_CLEAR,,0.0,0,,1635767753167065746,,False,,,,723
2021-11-01 13:01:27.022700,MBO,1,ACTION_CLEAR,,0.0,0,,1635768086635577633,,False,,,,724
2021-11-01 13:01:27.022700,MBO,1,ACTION_CLEAR,SIDE_BID,0.0,0,,1635767942183709818,,False,,,,725
2021-11-01 13:01:27.022700,MBO,1,ACTION_SET,SIDE_BID,59.2,845,,1635768087010573556,,False,,,,726
2021-11-01 13:01:27.022700,MBO,1,ACTION_CLEAR,SIDE_BID,0.0,0,,1635768043415906288,,False,,,,727
2021-11-01 13:01:27.022700,MBO,1,ACTION_SET,SIDE_BID,59.49,104,,1635768087010800201,,False,,,,728
2021-11-01 13:01:27.022700,MBO,1,ACTION_CLEAR,,0.0,0,,1635768041448587045,,False,,,,729
2021-11-01 13:01:27.022700,MBO,1,ACTION_SET,,59.78,271,,1635768087010957875,,False,,,,730
2021-11-01 13:01:27.022700,MBO,1,ACTION_SET,SIDE_BID,59.61,35,,1635768087011198838,,False,,,,731
2021-11-01 13:01:27.022700,MBO,1,ACTION_CLEAR,SIDE_BID,0.0,0,,1635768086636887764,,False,,,,732
2021-11-01 13:01:27.022700,MBO,1,ACTION_CLEAR,,0.0,0,,1635768086635559649,,False,,,,733
2021-11-01 13:01:27.022700,MBO,1,ACTION_CLEAR,,0.0,0,,1635768086635582546,,False,,,,734
2021-11-01 13:01:27.022700,MBO,1,ACTION_SET,SIDE_BID,59.59,84,,1635768087011284745,,False,,,,735
2021-11-01 13:01:27.022700,MBO,1,ACTION_CLEAR,SIDE_BID,0.0,0,,1635768086729210230,,False,,,,736
2021-11-01 13:01:27.022700,MBO,1,ACTION_SET,SIDE_BID,59.61,19,,1635768087011314667,,False,,,,737
2021-11-01 13:01:27.022700,MBO,1,ACTION_CLEAR,SIDE_BID,0.0,0,,1635768038838358510,,False,,,,738
2021-11-01 13:01:27.022700,MBO,1,ACTION_SET,SIDE_BID,59.44,114,,1635768087011397978,,False,,,,739
2021-11-01 13:01:27.022700,MBO,1,ACTION_CLEAR,SIDE_BID,0.0,0,,1635767969783715177,,False,,,,740
2021-11-01 13:01:27.101200,MBO,1,ACTION_CLEAR,SIDE_BID,0.0,0,,1635767892295227044,,False,,,,741
2021-11-01 13:01:27.107400,MBO,1,ACTION_CLEAR,,0.0,0,,1635767160450482412,,False,,,,742
2021-11-01 13:01:27.107400,MBO,1,ACTION_SET,,59.62,48,,1635767160467875218,,False,,,,743
2021-11-01 13:01:27.107400,MBO,1,ACTION_CLEAR,,0.0,0,,1635767160467875218,,False,,,,744
2021-11-01 13:01:27.107400,MBO,1,ACTION_SET,,59.63,140,,1635767041200018117,,False,,,,745
2021-11-01 13:01:27.107400,MBO,1,ACTION_SET,,59.63,46,,1635768087091417906,,False,,,,746
2021-11-01 13:01:27.107400,MBO,1,ACTION_SET,,59.63,78,,1635768087091425682,,False,,,,747
2021-11-01 13:01:27.107400,MBO,1,ACTION_CLEAR,,0.0,0,,1635768086659216854,,False,,,,748
2021-11-01 13:01:27.107400,MBO,1,ACTION_SET,,59.63,28,,1635768087091451250,,False,,,,749
2021-11-01 13:01:27.107400,MBO,1,ACTION_SET,SIDE_BID,59.6,110,,1635768087091459666,,False,,,,750
2021-11-01 13:01:27.107400,MBO,1,ACTION_CLEAR,,0.0,0,,1635768086729223914,,False,,,,751
2021-11-01 13:01:27.107400,MBO,1,ACTION_CLEAR,,0.0,0,,1635767659493519653,,False,,,,752
2021-11-01 13:01:27.107400,MBO,1,ACTION_SET,,59.63,35,,1635768087091663875,,False,,,,753
2021-11-01 13:01:27.107400,MBO,1,ACTION_SET,,59.63,100,,1635768087091710235,,False,,,,754
2021-11-01 13:01:27.107400,MBO,1,ACTION_CLEAR,,0.0,0,,1635767975664620467,,False,,,,755
2021-11-01 13:01:27.107400,MBO,1,ACTION_SET,,60.04,845,,1635768087091727295,,False,,,,756
2021-11-01 13:01:27.107400,MBO,1,ACTION_CLEAR,,0.0,0,,1635768087091663875,,False,,,,757
2021-11-01 13:01:27.107400,MBO,1,ACTION_SET,SIDE_BID,59.59,440,,1635768087092331594,,False,,,,758
2021-11-01 13:01:27.107400,MBO,1,ACTION_CLEAR,SIDE_BID,0.0,0,,1635768012857306807,,False,,,,759
2021-11-01 13:01:27.107400,MBO,1,ACTION_CLEAR,,0.0,0,,1635768036843050808,,False,,,,760
2021-11-01 13:01:27.107400,MBO,1,ACTION_SET,,59.8,114,,1635768087092510967,,False,,,,761
2021-11-01 13:01:27.107400,FLD,0,,,,,,,,False,FIELD_TRADE_PRICE,double_value,59.62,762
2021-11-01 13:01:27.107400,FLD,0,,,,,,,,False,FIELD_TRADE_SIZE,long_value,62,762
2021-11-01 13:01:27.107400,FLD,0,,,,,,,,False,FIELD_TRADING_CONDITION,string_value,0,762
2021-11-01 13:01:27.107400,FLD,0,,,,,,,,False,FIELD_TRADE_ID,string_value,1201270913113905962,762
2021-11-01 13:01:27.107400,FLD,0,,,,,,,,False,FIELD_TRADE_PRICE,double_value,59.62,763
2021-11-01 13:01:27.107400,FLD,0,,,,,,,,False,FIELD_TRADE_SIZE,long_value,48,763
2021-11-01 13:01:27.107400,FLD,0,,,,,,,,False,FIELD_TRADING_CONDITION,string_value,0,763
2021-11-01 13:01:27.107400,FLD,0,,,,,,,,False,FIELD_TRADE_ID,string_value,1201270913113905962,763
2021-11-01 13:01:27.147000,MBO,1,ACTION_CLEAR,SIDE_BID,0.0,0,,1635767071224670953,,False,,,,764
2021-11-01 13:01:27.147000,MBO,1,ACTION_SET,SIDE_BID,59.6,101,,1635768087110866238,,False,,,,765
2021-11-01 13:01:27.147000,MBO,1,ACTION_SET,,59.81,101,,1635768087110873799,,False,,,,766
2021-11-01 13:01:27.147000,MBO,1,ACTION_CLEAR,,0.0,0,,1635767041200018117,,False,,,,767
2021-11-01 13:01:27.147000,MBO,1,ACTION_SET,,59.63,116,,1635767041200119965,,False,,,,768
2021-11-01 13:01:27.147000,MBO,1,ACTION_SET,SIDE_BID,59.61,61,,1635768087110960205,,False,,,,769
2021-11-01 13:01:27.147000,MBO,1,ACTION_CLEAR,SIDE_BID,0.0,0,,1635768087110960205,,False,,,,770
2021-11-01 13:01:27.147000,MBO,1,ACTION_CLEAR,,0.0,0,,1635767936949535352,,False,,,,771
2021-11-01 13:01:27.187000,MBO,1,ACTION_CLEAR,SIDE_BID,0.0,0,,1635767160134236333,,False,,,,772
2021-11-01 13:01:27.272200,MBO,1,ACTION_CLEAR,SIDE_BID,0.0,0,,1635767942434472848,,False,,,,773
2021-11-01 13:01:27.272200,MBO,1,ACTION_SET,SIDE_BID,59.35,177,,1635768087260568696,,False,,,,774
2021-11-01 13:01:27.323200,MBO,1,ACTION_CLEAR,SIDE_BID,0.0,0,,1635768012287207932,,False,,,,775
2021-11-01 13:01:27.323200,MBO,1,ACTION_SET,SIDE_BID,58.37,32,,1635768087312097178,,False,,,,776
2021-11-01 13:01:27.519000,MBO,1,ACTION_SET,,59.63,35,,1635768087514191344,,False,,,,777
2021-11-01 13:01:27.693300,MBO,1,ACTION_CLEAR,SIDE_BID,0.0,0,,1635768086637606805,,False,,,,778
2021-11-01 13:01:27.693300,MBO,1,ACTION_SET,SIDE_BID,59.45,271,,1635768087648700624,,False,,,,779
2021-11-01 13:01:27.699300,MBO,1,ACTION_SET,,59.66,89,,1635768087653211590,,False,,,,780
2021-11-01 13:01:27.699300,MBO,1,ACTION_CLEAR,SIDE_BID,0.0,0,,1635768037768717356,,False,,,,781
2021-11-01 13:01:27.709600,MBO,1,ACTION_CLEAR,SIDE_BID,0.0,0,,1635768039463443160,,False,,,,782
2021-11-01 13:01:27.720200,MBO,1,ACTION_CLEAR,,0.0,0,,1635768086637636668,,False,,,,783
2021-11-01 13:01:27.731200,MBO,1,ACTION_SET,SIDE_BID,59.59,237,,1635768087715881146,,False,,,,784
2021-11-01 13:01:27.771300,MBO,1,ACTION_CLEAR,SIDE_BID,0.0,0,,1635768056070863105,,False,,,,785
2021-11-01 13:01:27.771300,MBO,1,ACTION_SET,SIDE_BID,58.39,26,,1635768087758636640,,False,,,,786
2021-11-01 13:01:27.771300,MBO,1,ACTION_CLEAR,SIDE_BID,0.0,0,,1635768037881841309,,False,,,,787
2021-11-01 13:01:27.771300,MBO,1,ACTION_SET,,59.65,229,,1635768087758663229,,False,,,,788
2021-11-01 13:01:27.912800,MBO,1,ACTION_SET,SIDE_BID,59.59,217,,1635768087861271568,,False,,,,789
2021-11-01 13:01:27.912800,MBO,1,ACTION_CLEAR,SIDE_BID,0.0,0,,1635768038837536241,,False,,,,790
2021-11-01 13:01:27.918500,MBO,1,ACTION_SET,SIDE_BID,59.6,137,,1635768087874165358,,False,,,,791
2021-11-01 13:01:28.059300,MBO,1,ACTION_SET,SIDE_BID,59.56,138,,1635768088041780774,,False,,,,792
2021-11-01 13:01:28.304300,MBO,1,ACTION_SET,SIDE_BID,59.54,701,,1635768088278367201,,False,,,,793
2021-11-01 13:01:28.304300,MBO,1,ACTION_SET,,59.7,737,,1635768088278497173,,False,,,,794
2021-11-01 13:01:28.376700,MBO,1,ACTION_SET,,59.63,34,,1635768088369960557,,False,,,,795
2021-11-01 13:01:28.739800,MBO,1,ACTION_SET,,59.75,104,,1635768088714708203,,False,,,,796
2021-11-01 13:01:29.655800,MBO,1,ACTION_SET,,59.66,102,,1635768089625850132,,False,,,,797
2021-11-01 13:01:29.699700,MBO,1,ACTION_CLEAR,SIDE_BID,0.0,0,,1635768086650014670,,False,,,,798
2021-11-01 13:01:29.699700,MBO,1,ACTION_CLEAR,SIDE_BID,0.0,0,,1635768087011198838,,False,,,,799
2021-11-01 13:01:29.699700,MBO,1,ACTION_CLEAR,SIDE_BID,0.0,0,,1635768087011314667,,False,,,,800
2021-11-01 13:01:29.699700,MBO,1,ACTION_SET,SIDE_BID,58.42,19,,1635768089647803723,,False,,,,801
2021-11-01 13:01:29.699700,MBO,1,ACTION_CLEAR,SIDE_BID,0.0,0,,1635768038861460515,,False,,,,802
2021-11-01 13:01:29.699700,MBO,1,ACTION_CLEAR,,0.0,0,,1635767041200192652,,False,,,,803
2021-11-01 13:01:29.699700,MBO,1,ACTION_CLEAR,,0.0,0,,1635768087091710235,,False,,,,804
2021-11-01 13:01:29.699700,MBO,1,ACTION_SET,SIDE_BID,59.31,167,,1635768089659199869,,False,,,,805
2021-11-01 13:01:29.699700,MBO,1,ACTION_SET,SIDE_BID,59.61,100,,1635768089659229059,,False,,,,806
2021-11-01 13:01:29.699700,MBO,1,ACTION_SET,SIDE_BID,59.62,385,,1635768089659591666,,False,,,,807
2021-11-01 13:01:29.699700,MBO,1,ACTION_CLEAR,,0.0,0,,1635767041299305421,,False,,,,808
2021-11-01 13:01:29.699700,MBO,1,ACTION_SET,SIDE_BID,59.61,105,,1635768089659644812,,False,,,,809
2021-11-01 13:01:29.699700,MBO,1,ACTION_SET,SIDE_BID,59.62,90,,1635768089659650342,,False,,,,810
2021-11-01 13:01:29.699700,MBO,1,ACTION_SET,SIDE_BID,59.61,155,,1635768089659700539,,False,,,,811
2021-11-01 13:01:29.699700,MBO,1,ACTION_CLEAR,,0.0,0,,1635768087514191344,,False,,,,812
2021-11-01 13:01:29.699700,MBO,1,ACTION_CLEAR,SIDE_BID,0.0,0,,1635768087011397978,,False,,,,813
2021-11-01 13:01:29.699700,MBO,1,ACTION_SET,SIDE_BID,59.45,114,,1635768089659716308,,False,,,,814
2021-11-01 13:01:29.699700,MBO,1,ACTION_CLEAR,,0.0,0,,1635768087091451250,,False,,,,815
2021-11-01 13:01:29.699700,MBO,1,ACTION_SET,,60.82,28,,1635768089659736696,,False,,,,816
2021-11-01 13:01:29.699700,MBO,1,ACTION_CLEAR,,0.0,0,,1635767158897469724,,False,,,,817
2021-11-01 13:01:29.699700,MBO,1,ACTION_CLEAR,SIDE_BID,0.0,0,,1635768087010573556,,False,,,,818
2021-11-01 13:01:29.699700,MBO,1,ACTION_SET,SIDE_BID,59.21,845,,1635768089659843210,,False,,,,819
2021-11-01 13:01:29.699700,MBO,1,ACTION_SET,,59.68,90,,1635768089659861402,,False,,,,820
2021-11-01 13:01:29.699700,MBO,1,ACTION_CLEAR,SIDE_BID,0.0,0,,1635767740590411359,,False,,,,821
2021-11-01 13:01:29.699700,MBO,1,ACTION_SET,SIDE_BID,58.91,1689,,1635768089659880881,,False,,,,822
2021-11-01 13:01:29.699700,MBO,1,ACTION_CLEAR,SIDE_BID,0.0,0,,1635768087648700624,,False,,,,823
2021-11-01 13:01:29.699700,MBO,1,ACTION_SET,SIDE_BID,59.46,271,,1635768089660130741,,False,,,,824
2021-11-01 13:01:29.699700,MBO,1,ACTION_CLEAR,SIDE_BID,0.0,0,,1635768087010244452,,False,,,,825
2021-11-01 13:01:29.871300,MBO,1,ACTION_CLEAR,SIDE_BID,0.0,0,,1635768089659650342,,False,,,,826
2021-11-01 13:01:29.881500,MBO,1,ACTION_CLEAR,SIDE_BID,0.0,0,,1635768038836983332,,False,,,,827
2021-11-01 13:01:29.881500,MBO,1,ACTION_SET,SIDE_BID,59.6,91,,1635768089874780390,,False,,,,828
2021-11-01 13:01:29.926300,MBO,1,ACTION_CLEAR,,0.0,0,,1635767041190246487,,False,,,,829
2021-11-01 13:01:29.926300,MBO,1,ACTION_SET,SIDE_BID,59.62,35,,1635768089884381583,,False,,,,830
2021-11-01 13:01:29.927900,MBO,1,ACTION_CLEAR,SIDE_BID,0.0,0,,1635768087260568696,,False,,,,831
2021-11-01 13:01:29.927900,MBO,1,ACTION_SET,SIDE_BID,59.36,177,,1635768089910858472,,False,,,,832
2021-11-01 13:01:29.967700,MBO,1,ACTION_SET,,59.67,84,,1635768089949871715,,False,,,,833
2021-11-01 13:01:30.010200,MBO,1,ACTION_SET,,59.63,46,,1635768089992806541,,False,,,,834
2021-11-01 13:01:30.010200,MBO,1,ACTION_CLEAR,SIDE_BID,0.0,0,,1635768089884381583,,False,,,,835
2021-11-01 13:01:30.171800,MBO,1,ACTION_SET,,59.63,20,,1635768090136617382,,False,,,,836
2021-11-01 13:01:30.661300,MBO,1,ACTION_SET,,59.66,265,,1635768090644452952,,False,,,,837
2021-11-01 13:01:30.661300,MBO,1,ACTION_SET,SIDE_BID,59.62,34,,1635768090648445189,,False,,,,838
2021-11-01 13:01:30.669100,MBO,1,ACTION_CLEAR,SIDE_BID,0.0,0,,1635768086638745297,,False,,,,839
2021-11-01 13:01:30.757500,MBO,1,ACTION_SET,SIDE_BID,59.59,169,,1635768090713759685,,False,,,,840
2021-11-01 13:01:30.836000,FLD,0,,,,,,,,False,FIELD_TRADE_PRICE,double_value,59.62,841
2021-11-01 13:01:30.836000,FLD,0,,,,,,,,False,FIELD_TRADE_SIZE,long_value,385,841
2021-11-01 13:01:30.836000,FLD,0,,,,,,,,False,FIELD_TRADING_CONDITION,string_value,0,841
2021-11-01 13:01:30.836000,FLD,0,,,,,,,,False,FIELD_TRADE_ID,string_value,1201307989690175962,841
2021-11-01 13:01:30.836000,FLD,0,,,,,,,,False,FIELD_TRADE_PRICE,double_value,59.62,842
2021-11-01 13:01:30.836000,FLD,0,,,,,,,,False,FIELD_TRADE_SIZE,long_value,34,842
2021-11-01 13:01:30.836000,FLD,0,,,,,,,,False,FIELD_TRADING_CONDITION,string_value,0,842
2021-11-01 13:01:30.836000,FLD,0,,,,,,,,False,FIELD_TRADE_ID,string_value,1201307989690175962,842
2021-11-01 13:01:30.837900,MBO,1,ACTION_SET,,59.63,332,,1635768090798908820,,False,,,,843
2021-11-01 13:01:30.837900,MBO,1,ACTION_CLEAR,SIDE_BID,0.0,0,,1635768089659229059,,False,,,,844
2021-11-01 13:01:30.837900,MBO,1,ACTION_SET,,59.63,125,,1635768090798961256,,False,,,,845
2021-11-01 13:01:30.837900,MBO,1,ACTION_CLEAR,SIDE_BID,0.0,0,,1635768089659591666,,False,,,,846
2021-11-01 13:01:30.837900,MBO,1,ACTION_SET,SIDE_BID,59.62,34,,1635768090648445189,,False,,,,847
2021-11-01 13:01:30.837900,MBO,1,ACTION_CLEAR,SIDE_BID,0.0,0,,1635768090648445189,,False,,,,848
2021-11-01 13:01:30.837900,MBO,1,ACTION_SET,SIDE_BID,59.61,125,,1635768087010212526,,False,,,,849
2021-11-01 13:01:30.837900,MBO,1,ACTION_CLEAR,SIDE_BID,0.0,0,,1635768089659700539,,False,,,,850
2021-11-01 13:01:30.837900,MBO,1,ACTION_CLEAR,SIDE_BID,0.0,0,,1635768087010212526,,False,,,,851
2021-11-01 13:01:30.837900,MBO,1,ACTION_SET,SIDE_BID,59.61,105,,1635768089659644812,,False,,,,852
2021-11-01 13:01:30.837900,MBO,1,ACTION_CLEAR,,0.0,0,,1635768089992806541,,False,,,,853
2021-11-01 13:01:30.837900,MBO,1,ACTION_SET,,59.63,100,,1635768090799053570,,False,,,,854
2021-11-01 13:01:30.837900,MBO,1,ACTION_CLEAR,SIDE_BID,0.0,0,,1635768087110866238,,False,,,,855
2021-11-01 13:01:30.837900,MBO,1,ACTION_SET,,59.62,125,,1635768090799097939,,False,,,,856
2021-11-01 13:01:30.837900,MBO,1,ACTION_CLEAR,SIDE_BID,0.0,0,,1635768089659644812,,False,,,,857
2021-11-01 13:01:30.837900,MBO,1,ACTION_SET,SIDE_BID,59.6,130,,1635768086635025998,,False,,,,858
2021-11-01 13:01:30.837900,MBO,1,ACTION_SET,,59.63,155,,1635768090799121041,,False,,,,859
2021-11-01 13:01:30.837900,MBO,1,ACTION_SET,,59.63,35,,1635768090799126060,,False,,,,860
2021-11-01 13:01:30.837900,MBO,1,ACTION_CLEAR,,0.0,0,,1635768089659736696,,False,,,,861
2021-11-01 13:01:30.837900,MBO,1,ACTION_SET,,59.63,28,,1635768090799138077,,False,,,,862
2021-11-01 13:01:30.837900,MBO,1,ACTION_CLEAR,SIDE_BID,0.0,0,,1635768086690862963,,False,,,,863
2021-11-01 13:01:30.837900,MBO,1,ACTION_SET,,59.62,98,,1635768090799179963,,False,,,,864
2021-11-01 13:01:30.837900,MBO,1,ACTION_SET,,59.62,46,,1635768090799190670,,False,,,,865
2021-11-01 13:01:30.837900,MBO,1,ACTION_CLEAR,SIDE_BID,0.0,0,,1635768086659323773,,False,,,,866
2021-11-01 13:01:30.837900,MBO,1,ACTION_SET,SIDE_BID,58.41,22,,1635768090799206872,,False,,,,867
2021-11-01 13:01:30.837900,MBO,1,ACTION_CLEAR,SIDE_BID,0.0,0,,1635768087010262904,,False,,,,868
2021-11-01 13:01:30.837900,MBO,1,ACTION_SET,SIDE_BID,58.41,34,,1635768090799222845,,False,,,,869
2021-11-01 13:01:30.837900,MBO,1,ACTION_CLEAR,SIDE_BID,0.0,0,,1635768087715881146,,False,,,,870
2021-11-01 13:01:30.837900,MBO,1,ACTION_CLEAR,SIDE_BID,0.0,0,,1635768073404106337,,False,,,,871
2021-11-01 13:01:30.837900,MBO,1,ACTION_SET,SIDE_BID,58.4,15,,1635768090799236171,,False,,,,872
2021-11-01 13:01:30.837900,MBO,1,ACTION_CLEAR,SIDE_BID,0.0,0,,1635768086635521806,,False,,,,873
2021-11-01 13:01:30.837900,MBO,1,ACTION_CLEAR,SIDE_BID,0.0,0,,1635768087861271568,,False,,,,874
2021-11-01 13:01:30.837900,MBO,1,ACTION_SET,,59.63,61,,1635768090799291368,,False,,,,875
2021-11-01 13:01:30.837900,MBO,1,ACTION_SET,,59.62,34,,1635768090799331390,,False,,,,876
2021-11-01 13:01:30.837900,MBO,1,ACTION_CLEAR,SIDE_BID,0.0,0,,1635768089647803723,,False,,,,877
2021-11-01 13:01:30.837900,MBO,1,ACTION_SET,SIDE_BID,59.6,19,,1635768090799337792,,False,,,,878
2021-11-01 13:01:30.837900,MBO,1,ACTION_CLEAR,,0.0,0,,1635768090136617382,,False,,,,879
2021-11-01 13:01:30.837900,MBO,1,ACTION_CLEAR,,0.0,0,,1635768087091417906,,False,,,,880
2021-11-01 13:01:30.837900,MBO,1,ACTION_SET,SIDE_BID,59.6,100,,1635768090799396358,,False,,,,881
2021-11-01 13:01:30.837900,MBO,1,ACTION_CLEAR,,0.0,0,,1635768087091425682,,False,,,,882
2021-11-01 13:01:30.837900,MBO,1,ACTION_CLEAR,,0.0,0,,1635768086642006466,,False,,,,883
2021-11-01 13:01:30.837900,MBO,1,ACTION_CLEAR,,0.0,0,,1635768090799291368,,False,,,,884
2021-11-01 13:01:30.837900,MBO,1,ACTION_CLEAR,SIDE_BID,0.0,0,,1635768090799222845,,False,,,,885
2021-11-01 13:01:30.837900,MBO,1,ACTION_SET,SIDE_BID,59.6,34,,1635768090799469485,,False,,,,886
2021-11-01 13:01:30.837900,MBO,1,ACTION_CLEAR,,0.0,0,,1635768087091727295,,False,,,,887
2021-11-01 13:01:30.837900,MBO,1,ACTION_SET,,60.03,845,,1635768090799506924,,False,,,,888
2021-11-01 13:01:30.837900,MBO,1,ACTION_CLEAR,SIDE_BID,0.0,0,,1635768087010800201,,False,,,,889
2021-11-01 13:01:30.837900,MBO,1,ACTION_CLEAR,SIDE_BID,0.0,0,,1635768086643026353,,False,,,,890
2021-11-01 13:01:30.837900,MBO,1,ACTION_CLEAR,,0.0,0,,1635768087092510967,,False,,,,891
2021-11-01 13:01:30.837900,MBO,1,ACTION_SET,,59.79,114,,1635768090800142792,,False,,,,892
2021-11-01 13:01:30.837900,MBO,1,ACTION_CLEAR,SIDE_BID,0.0,0,,1635768087011284745,,False,,,,893
2021-11-01 13:01:30.837900,MBO,1,ACTION_SET,,59.65,90,,1635768090800955703,,False,,,,894
2021-11-01 13:01:30.837900,MBO,1,ACTION_SET,,59.62,34,,1635768090801998108,,False,,,,895
2021-11-01 13:01:30.837900,MBO,1,ACTION_CLEAR,SIDE_BID,0.0,0,,1635768087010165418,,False,,,,896
2021-11-01 13:01:30.837900,MBO,1,ACTION_SET,,59.62,76,,1635768090802990665,,False,,,,897
2021-11-01 13:01:30.837900,MBO,1,ACTION_SET,SIDE_BID,59.59,110,,1635768090803028366,,False,,,,898
2021-11-01 13:01:30.837900,MBO,1,ACTION_SET,SIDE_BID,59.6,573,,1635768090804013074,,False,,,,899
2021-11-01 13:01:30.837900,MBO,1,ACTION_SET,,59.64,265,,1635768090805143448,,False,,,,900
2021-11-01 13:01:30.837900,MBO,1,ACTION_CLEAR,,0.0,0,,1635768088369960557,,False,,,,901
2021-11-01 13:01:30.837900,MBO,1,ACTION_SET,SIDE_BID,59.6,100,,1635768090821368337,,False,,,,902
2021-11-01 13:01:30.837900,MBO,1,ACTION_CLEAR,SIDE_BID,0.0,0,,1635768090799337792,,False,,,,903
2021-11-01 13:01:30.837900,MBO,1,ACTION_SET,SIDE_BID,58.38,19,,1635768090821444222,,False,,,,904
2021-11-01 13:01:30.837900,MBO,1,ACTION_CLEAR,SIDE_BID,0.0,0,,1635768090799469485,,False,,,,905
2021-11-01 13:01:30.837900,MBO,1,ACTION_SET,SIDE_BID,58.41,34,,1635768090821458926,,False,,,,906
2021-11-01 13:01:30.878600,MBO,1,ACTION_CLEAR,SIDE_BID,0.0,0,,1635768090821458926,,False,,,,907
2021-11-01 13:01:30.878600,MBO,1,ACTION_SET,SIDE_BID,59.6,34,,1635768090847256351,,False,,,,908
2021-11-01 13:01:30.878600,MBO,1,ACTION_SET,SIDE_BID,59.58,209,,1635768090847281214,,False,,,,909
2021-11-01 13:01:30.878600,MBO,1,ACTION_CLEAR,SIDE_BID,0.0,0,,1635768090799206872,,False,,,,910
2021-11-01 13:01:30.878600,MBO,1,ACTION_SET,SIDE_BID,59.6,22,,1635768090847327454,,False,,,,911
2021-11-01 13:01:30.878600,MBO,1,ACTION_SET,SIDE_BID,59.58,218,,1635768090847891630,,False,,,,912
2021-11-01 13:01:30.910200,MBO,1,ACTION_SET,,59.64,101,,1635768090890887629,,False,,,,913
2021-11-01 13:01:30.915700,MBO,1,ACTION_SET,SIDE_BID,59.19,84,,1635768090900283528,,False,,,,914
2021-11-01 13:01:30.986600,MBO,1,ACTION_SET,SIDE_BID,59.6,155,,1635768090935233945,,False,,,,915
2021-11-01 13:01:30.986600,MBO,1,ACTION_SET,,59.62,35,,1635768090935282732,,False,,,,916
2021-11-01 13:01:30.986600,MBO,1,ACTION_CLEAR,,0.0,0,,1635768090799126060,,False,,,,917
2021-11-01 13:01:31.238300,MBO,1,ACTION_SET,SIDE_BID,59.61,4,,1635768091227191355,,False,,,,918
2021-11-01 13:01:31.238300,MBO,1,ACTION_SET,SIDE_BID,59.61,100,,1635768091227277779,,False,,,,919
2021-11-01 13:01:31.258500,MBO,1,ACTION_CLEAR,SIDE_BID,0.0,0,,1635768091227277779,,False,,,,920
2021-11-01 13:01:31.302000,MBO,1,ACTION_SET,,59.65,82,,1635768091261900036,,False,,,,921
2021-11-01 13:01:31.302000,MBO,1,ACTION_CLEAR,SIDE_BID,0.0,0,,1635768087091459666,,False,,,,922
2021-11-01 13:01:31.338200,MBO,1,ACTION_SET,SIDE_BID,59.59,101,,1635768091310896726,,False,,,,923
2021-11-01 13:01:31.508300,MBO,1,ACTION_CLEAR,SIDE_BID,0.0,0,,1635768039278460402,,False,,,,924
2021-11-01 13:01:31.508300,MBO,1,ACTION_SET,SIDE_BID,59.6,16,,1635768091497636661,,False,,,,925
2021-11-01 13:01:31.942700,MBO,1,ACTION_CLEAR,,0.0,0,,1635768090935282732,,False,,,,926
2021-11-01 13:01:32.825500,MBO,1,ACTION_SET,SIDE_BID,59.59,84,,1635768092812953584,,False,,,,927
2021-11-01 13:01:32.825500,MBO,1,ACTION_SET,SIDE_BID,59.49,104,,1635768092814738208,,False,,,,928
2021-11-01 13:01:33.005300,MBO,1,ACTION_CLEAR,SIDE_BID,0.0,0,,1635768092812953584,,False,,,,929
2021-11-01 13:01:34.813500,MBO,1,ACTION_SET,,59.65,277,,1635768094798042816,,False,,,,930
2021-11-01 13:01:34.827100,MBO,1,ACTION_SET,SIDE_BID,59.56,96,,1635768094807814169,,False,,,,931
2021-11-01 13:01:35.569000,MBO,1,ACTION_SET,,59.62,474,,1635768095555756220,,False,,,,932
2021-11-01 13:01:35.569000,MBO,1,ACTION_CLEAR,SIDE_BID,0.0,0,,1635768090821368337,,False,,,,933
2021-11-01 13:01:35.569000,MBO,1,ACTION_SET,,59.62,35,,1635768095555819281,,False,,,,934
2021-11-01 13:01:35.569000,MBO,1,ACTION_SET,,59.62,29,,1635768095555853741,,False,,,,935
2021-11-01 13:01:35.569000,MBO,1,ACTION_SET,,59.62,100,,1635768095555875121,,False,,,,936
2021-11-01 13:01:35.569000,MBO,1,ACTION_CLEAR,SIDE_BID,0.0,0,,1635768089659199869,,False,,,,937
2021-11-01 13:01:35.569000,MBO,1,ACTION_CLEAR,SIDE_BID,0.0,0,,1635768090935233945,,False,,,,938
2021-11-01 13:01:35.569000,MBO,1,ACTION_SET,SIDE_BID,59.29,167,,1635768095556793389,,False,,,,939
2021-11-01 13:01:35.569000,MBO,1,ACTION_SET,,59.62,155,,1635768095556817354,,False,,,,940
2021-11-01 13:01:35.569000,MBO,1,ACTION_CLEAR,SIDE_BID,0.0,0,,1635768087092331594,,False,,,,941
2021-11-01 13:01:35.569000,MBO,1,ACTION_SET,,59.62,25,,1635768095556898674,,False,,,,942
2021-11-01 13:01:35.569000,MBO,1,ACTION_SET,,59.62,100,,1635768095556907318,,False,,,,943
2021-11-01 13:01:35.569000,MBO,1,ACTION_CLEAR,,0.0,0,,1635768090800142792,,False,,,,944
2021-11-01 13:01:35.569000,MBO,1,ACTION_SET,,59.78,114,,1635768095557763895,,False,,,,945
2021-11-01 13:01:35.569000,MBO,1,ACTION_CLEAR,SIDE_BID,0.0,0,,1635768091227191355,,False,,,,946
2021-11-01 13:01:35.569000,MBO,1,ACTION_SET,SIDE_BID,59.6,130,,1635768086635025998,,False,,,,947
2021-11-01 13:01:35.569000,MBO,1,ACTION_CLEAR,,0.0,0,,1635768095555819281,,False,,,,948
2021-11-01 13:01:35.569000,MBO,1,ACTION_SET,,59.64,90,,1635768095558001118,,False,,,,949
2021-11-01 13:01:35.569000,MBO,1,ACTION_SET,SIDE_BID,59.6,35,,1635768095558016412,,False,,,,950
2021-11-01 13:01:35.569000,MBO,1,ACTION_CLEAR,SIDE_BID,0.0,0,,1635768090847327454,,False,,,,951
2021-11-01 13:01:35.569000,MBO,1,ACTION_SET,SIDE_BID,58.41,22,,1635768095558022000,,False,,,,952
2021-11-01 13:01:35.569000,MBO,1,ACTION_CLEAR,SIDE_BID,0.0,0,,1635768090847256351,,False,,,,953
2021-11-01 13:01:35.569000,MBO,1,ACTION_SET,SIDE_BID,58.41,34,,1635768095558045796,,False,,,,954
2021-11-01 13:01:35.569000,MBO,1,ACTION_CLEAR,SIDE_BID,0.0,0,,1635768091310896726,,False,,,,955
2021-11-01 13:01:35.569000,MBO,1,ACTION_CLEAR,,0.0,0,,1635768087010957875,,False,,,,956
2021-11-01 13:01:35.569000,MBO,1,ACTION_SET,,59.77,271,,1635768095558157724,,False,,,,957
