Timestamp,ID,Side,Price,Size,Condition
2021-11-01 13:00:00.105000,1635767975675588086,Bid,0.0,0,0
2021-11-01 13:00:00.105000,1635767975625310924,Ask,0.0,0,0
2021-11-01 13:00:00.127000,1635767975664228892,Ask,0.0,0,0
2021-11-01 13:00:00.127000,1635768000120890824,Bid,59.57,87,0
2021-11-01 13:00:00.158200,1635767999929106559,Bid,0.0,0,0
2021-11-01 13:00:00.166100,1635768000161936784,Bid,59.57,38,0
2021-11-01 13:00:00.201000,1635767995882680028,Bid,0.0,0,0
2021-11-01 13:00:00.201000,1635767891860213453,Bid,0.0,0,0
2021-11-01 13:00:00.278000,1635768000161936784,Bid,0.0,0,0
2021-11-01 13:00:00.310000,1635768000290920973,Bid,59.57,38,0
2021-11-01 13:00:00.310000,1635768000290920973,Bid,0.0,0,0
2021-11-01 13:00:00.365300,1635768000350237135,Ask,59.61,77,0
2021-11-01 13:00:00.398200,1635768000120890824,Bid,0.0,0,0
2021-11-01 13:00:00.409800,1635768000394438460,Ask,59.58,41,0
2021-11-01 13:00:00.447800,1635768000394438460,Ask,0.0,0,0
2021-11-01 13:00:00.706100,1635768000673819712,Bid,59.57,87,0
2021-11-01 13:00:01.128500,1635767980366104721,Bid,0.0,0,0
2021-11-01 13:00:01.128500,1635768001122349235,Bid,59.41,114,0
2021-11-01 13:00:01.809000,1635767998755563948,Bid,0.0,0,0
2021-11-01 13:00:01.809000,1635768000673819712,Bid,59.57,87,0
2021-11-01 13:00:01.809000,1635768000673819712,Bid,59.57,61,0
2021-11-01 13:00:01.809000,1635767998743772024,Bid,0.0,0,0
2021-11-01 13:00:01.809000,1635767998743849520,Bid,0.0,0,0
2021-11-01 13:00:01.809000,1635768001759349045,Ask,59.58,105,0
2021-11-01 13:00:01.809000,1635768000673819712,Bid,0.0,0,0
2021-11-01 13:00:01.809000,1635767916615632846,Bid,59.56,174,0
2021-11-01 13:00:01.809000,1635768001759375137,Ask,59.58,125,0
2021-11-01 13:00:01.809000,1635768001759387394,Ask,59.58,41,0
2021-11-01 13:00:01.809000,1635767998743518991,Bid,0.0,0,0
2021-11-01 13:00:01.809000,1635768001759431770,Ask,59.57,125,0
2021-11-01 13:00:01.809000,1635768001759447532,Ask,59.57,110,0
2021-11-01 13:00:01.809000,1635767998743432989,Bid,0.0,0,0
2021-11-01 13:00:01.809000,1635768001759471228,Bid,58.37,32,0
2021-11-01 13:00:01.809000,1635768001759508887,Bid,59.55,61,0
2021-11-01 13:00:01.809000,1635768001759521718,Ask,59.58,168,0
2021-11-01 13:00:01.809000,1635767997776867222,Bid,0.0,0,0
2021-11-01 13:00:01.809000,1635767998804876860,Bid,0.0,0,0
2021-11-01 13:00:01.809000,1635767950031466067,Ask,0.0,0,0
2021-11-01 13:00:01.809000,1635768001760248744,Ask,59.88,167,0
2021-11-01 13:00:01.809000,1635768001760332543,Ask,59.6,90,0
2021-11-01 13:00:01.809000,1635768001760339429,Bid,59.56,61,0
2021-11-01 13:00:01.809000,1635767999862283408,Bid,0.0,0,0
2021-11-01 13:00:01.809000,1635768001760446676,Ask,59.57,35,0
2021-11-01 13:00:01.809000,1635767998743539978,Ask,0.0,0,0
2021-11-01 13:00:01.809000,1635767998743340033,Bid,0.0,0,0
2021-11-01 13:00:01.809000,1635768001779949854,Bid,59.56,96,0
2021-11-01 13:00:01.845700,1635768001760446676,Ask,0.0,0,0
2021-11-01 13:00:01.868200,1635768001849922654,Ask,59.59,101,0
2021-11-01 13:00:01.968900,1635768001955807274,Ask,59.57,35,0
2021-11-01 13:00:02.712100,1635768001760339429,Bid,0.0,0,0
2021-11-01 13:00:03.116300,1635768003081734160,Bid,59.56,61,0
2021-11-01 13:00:03.116300,1635768001759431770,Ask,0.0,0,0
2021-11-01 13:00:03.116300,1635768001759447532,Ask,59.57,110,0
2021-11-01 13:00:03.116300,1635768001955807274,Ask,0.0,0,0
2021-11-01 13:00:03.116300,1635768001759447532,Ask,0.0,0,0
2021-11-01 13:00:03.116300,1635767974590761712,Ask,59.58,219,0
2021-11-01 13:00:03.153000,1635768003109941026,Bid,59.55,101,0
2021-11-01 13:00:03.153000,1635768001760332543,Ask,0.0,0,0
2021-11-01 13:00:03.466700,1635768003450836959,Bid,59.56,72,0
2021-11-01 13:00:03.466700,1635768003450901256,Ask,59.58,35,0
2021-11-01 13:00:03.537100,1635768003512778327,Ask,59.58,100,0
2021-11-01 13:00:03.537100,1635768003512822150,Ask,59.57,125,0
2021-11-01 13:00:03.537100,1635767998743570833,Ask,0.0,0,0
2021-11-01 13:00:03.537100,1635768003512859443,Ask,59.58,21,0
2021-11-01 13:00:03.537100,1635768003109941026,Bid,0.0,0,0
2021-11-01 13:00:03.588400,1635768003531933101,Bid,59.56,37,0
2021-11-01 13:00:03.588400,1635768003512822150,Ask,0.0,0,0
2021-11-01 13:00:03.588400,1635767974590761712,Ask,59.58,219,0
2021-11-01 13:00:03.588400,1635768003532090467,Bid,59.56,33,0
2021-11-01 13:00:03.588400,1635768001759521718,Ask,0.0,0,0
2021-11-01 13:00:03.588400,1635768003512859443,Ask,0.0,0,0
2021-11-01 13:00:03.588400,1635768003542097709,Ask,60.77,21,0
2021-11-01 13:00:03.687300,1635768003634944994,Bid,59.55,101,0
2021-11-01 13:00:03.687300,1635768003512778327,Ask,0.0,0,0
2021-11-01 13:00:04.081700,1635768004033104586,Ask,59.58,168,0
2021-11-01 13:00:04.121100,1635768004106992804,Ask,59.58,100,0
2021-11-01 13:00:04.831100,1635768004794819267,Ask,59.57,125,0
2021-11-01 13:00:04.831100,1635768003634944994,Bid,0.0,0,0
2021-11-01 13:00:04.831100,1635768003531933101,Bid,0.0,0,0
2021-11-01 13:00:04.831100,1635768003081734160,Bid,0.0,0,0
2021-11-01 13:00:04.831100,1635768004795537157,Bid,59.56,98,0
2021-11-01 13:00:05.539700,1635768004794819267,Ask,59.57,85,0
2021-11-01 13:00:05.539700,1635768004794819267,Ask,0.0,0,0
2021-11-01 13:00:05.539700,1635767974590761712,Ask,59.58,219,0
2021-11-01 13:00:05.539700,1635767995359326667,Ask,0.0,0,0
2021-11-01 13:00:05.648300,1635768005629969972,Bid,59.55,101,0
2021-11-01 13:00:05.673200,1635768005652659218,Ask,59.68,400,0
2021-11-01 13:00:05.796600,1635768005759464793,Bid,59.52,99,0
2021-11-01 13:00:05.916400,1635768004033104586,Ask,0.0,0,0
2021-11-01 13:00:05.916400,1635768001759375137,Ask,0.0,0,0
2021-11-01 13:00:05.916400,1635768004106992804,Ask,0.0,0,0
2021-11-01 13:00:05.916400,1635768005906749478,Bid,59.56,100,0
2021-11-01 13:00:05.916400,1635768005906793524,Bid,59.56,168,0
2021-11-01 13:00:05.916400,1635768001759387394,Ask,0.0,0,0
2021-11-01 13:00:05.916400,1635768001759471228,Bid,0.0,0,0
2021-11-01 13:00:05.916400,1635768005906907550,Bid,59.56,32,0
2021-11-01 13:00:05.916400,1635768005908272138,Ask,59.58,43,0
2021-11-01 13:00:05.927600,1635768001759349045,Ask,0.0,0,0
2021-11-01 13:00:06.733700,1635768005908272138,Ask,0.0,0,0
2021-11-01 13:00:06.733700,1635768006701952990,Bid,59.56,35,0
2021-11-01 13:00:06.818500,1635768006766280883,Bid,59.56,94,0
2021-11-01 13:00:06.818500,1635768005759464793,Bid,0.0,0,0
2021-11-01 13:00:06.983100,1635768006932961035,Ask,59.58,43,0
2021-11-01 13:00:06.983100,1635768005906793524,Bid,0.0,0,0
2021-11-01 13:00:06.983100,1635768006933047115,Ask,59.58,162,0
2021-11-01 13:00:06.983100,1635768005906749478,Bid,0.0,0,0
2021-11-01 13:00:06.983100,1635768006701952990,Bid,0.0,0,0
2021-11-01 13:00:06.983100,1635768005906907550,Bid,0.0,0,0
2021-11-01 13:00:06.983100,1635768006933164508,Bid,58.37,32,0
2021-11-01 13:00:06.983100,1635768006954567281,Ask,59.58,100,0
2021-11-01 13:00:06.988400,1635768006962220512,Ask,59.58,44,0
2021-11-01 13:00:06.988400,1635768006962307267,Ask,59.58,36,0
2021-11-01 13:00:09.680000,1635768009672073788,Ask,59.58,100,0
2021-11-01 13:00:10.014300,1635768003532090467,Bid,0.0,0,0
2021-11-01 13:00:10.014300,1635768003450836959,Bid,0.0,0,0
2021-11-01 13:00:10.458500,1635768010446817981,Bid,59.55,137,0
2021-11-01 13:00:10.458500,1635768010447503230,Bid,59.54,205,0
2021-11-01 13:00:11.385300,1635768011360985677,Bid,59.56,35,0
2021-11-01 13:00:12.300100,1635768006932961035,Ask,0.0,0,0
2021-11-01 13:00:12.300100,1635768006933047115,Ask,0.0,0,0
2021-11-01 13:00:12.300100,1635768006954567281,Ask,0.0,0,0
2021-11-01 13:00:12.300100,1635768012287028763,Bid,59.56,100,0
2021-11-01 13:00:12.300100,1635768012287076399,Bid,59.56,162,0
2021-11-01 13:00:12.300100,1635768006933164508,Bid,0.0,0,0
2021-11-01 13:00:12.300100,1635768012287207932,Bid,59.56,32,0
2021-11-01 13:00:12.300100,1635768012287853043,Bid,59.56,46,0
2021-11-01 13:00:12.353000,1635768012320706968,Bid,59.56,49,0
2021-11-01 13:00:12.353000,1635767950000737933,Bid,0.0,0,0
2021-11-01 13:00:12.353000,1635768012320777232,Bid,59.56,19,0
2021-11-01 13:00:12.429200,1635768012409259338,Bid,59.57,125,0
2021-11-01 13:00:12.429200,1635768012409323240,Bid,59.57,98,0
2021-11-01 13:00:12.429200,1635768001849922654,Ask,0.0,0,0
2021-11-01 13:00:12.429200,1635768012409372948,Bid,59.55,84,0
2021-11-01 13:00:12.429200,1635768004795537157,Bid,0.0,0,0
2021-11-01 13:00:12.429200,1635767995076571359,Ask,0.0,0,0
2021-11-01 13:00:12.429200,1635768009672073788,Ask,0.0,0,0
2021-11-01 13:00:12.429200,1635768003450901256,Ask,0.0,0,0
2021-11-01 13:00:12.429200,1635768012414088631,Bid,59.57,34,0
2021-11-01 13:00:12.429200,1635768011360985677,Bid,0.0,0,0
2021-11-01 13:00:12.429200,1635768012419368279,Bid,59.57,96,0
2021-11-01 13:00:12.473200,1635768001779949854,Bid,0.0,0,0
2021-11-01 13:00:12.528500,1635768006962220512,Ask,0.0,0,0
2021-11-01 13:00:12.528500,1635768006962307267,Ask,0.0,0,0
2021-11-01 13:00:12.617600,1635767999433335887,Bid,0.0,0,0
2021-11-01 13:00:12.844100,1635768010447503230,Bid,0.0,0,0
2021-11-01 13:00:12.844100,1635768012834067195,Bid,59.54,91,0
2021-11-01 13:00:12.856600,1635767974590761712,Ask,0.0,0,0
2021-11-01 13:00:12.856600,1635767991597401392,Ask,59.58,217,0
2021-11-01 13:00:12.856600,1635767991597401392,Ask,0.0,0,0
2021-11-01 13:00:12.856600,1635767999081411229,Ask,59.58,34,0
2021-11-01 13:00:12.856600,1635767999081411229,Ask,0.0,0,0
2021-11-01 13:00:12.856600,1635767974536621687,Ask,59.59,125,0
2021-11-01 13:00:12.856600,1635768012845432376,Ask,59.58,219,0
2021-11-01 13:00:12.856600,1635768012845580371,Bid,59.57,110,0
2021-11-01 13:00:12.856600,1635768012846696356,Bid,59.51,490,0
2021-11-01 13:00:12.903700,1635768012845432376,Ask,0.0,0,0
2021-11-01 13:00:12.903700,1635767974536621687,Ask,59.59,125,0
2021-11-01 13:00:12.903700,1635768012857219591,Ask,59.58,219,0
2021-11-01 13:00:12.903700,1635768012857219591,Ask,59.58,99,0
2021-11-01 13:00:12.903700,1635768012857306807,Bid,59.54,440,0
2021-11-01 13:00:12.903700,1635768012857404752,Bid,59.57,35,0
2021-11-01 13:00:12.903700,1635768001760248744,Ask,0.0,0,0
2021-11-01 13:00:12.903700,1635767974684620061,Ask,0.0,0,0
2021-11-01 13:00:12.903700,1635768012858783640,Ask,59.91,167,0
2021-11-01 13:00:12.903700,1635768012857219591,Ask,0.0,0,0
2021-11-01 13:00:12.903700,1635767974536621687,Ask,59.59,125,0
2021-11-01 13:00:12.903700,1635767974539602339,Ask,0.0,0,0
2021-11-01 13:00:12.903700,1635768012859154906,Ask,59.59,45,0
2021-11-01 13:00:12.903700,1635768012859168845,Ask,59.59,45,0
2021-11-01 13:00:12.903700,1635767974536674799,Ask,0.0,0,0
2021-11-01 13:00:12.903700,1635768012859200126,Ask,60.79,25,0
2021-11-01 13:00:12.903700,1635767977835285151,Ask,0.0,0,0
2021-11-01 13:00:12.903700,1635767950001711886,Bid,0.0,0,0
2021-11-01 13:00:12.903700,1635768012859272949,Bid,59.57,26,0
2021-11-01 13:00:12.903700,1635767979915351142,Ask,0.0,0,0
2021-11-01 13:00:12.903700,1635768012861645354,Bid,59.57,97,0
2021-11-01 13:00:12.903700,1635768012865405239,Ask,59.59,100,0
2021-11-01 13:00:12.903700,1635768012865617985,Ask,59.59,100,0
2021-11-01 13:00:12.903700,1635768012865851307,Ask,59.58,217,0
2021-11-01 13:00:12.903700,1635768012865896764,Ask,59.59,110,0
2021-11-01 13:00:12.903700,1635768012865902604,Ask,59.59,162,0
2021-11-01 13:00:12.903700,1635767986143958708,Bid,0.0,0,0
2021-11-01 13:00:12.944700,1635768012859168845,Ask,0.0,0,0
2021-11-01 13:00:12.944700,1635768012859272949,Bid,0.0,0,0
2021-11-01 13:00:12.944700,1635768012925264506,Bid,58.37,26,0
2021-11-01 13:00:12.944700,1635768012925295343,Ask,59.6,228,0
2021-11-01 13:00:12.957500,1635768012948248504,Ask,59.58,45,0
2021-11-01 13:00:12.957500,1635768012409323240,Bid,0.0,0,0
2021-11-01 13:00:12.957500,1635768012859154906,Ask,0.0,0,0
2021-11-01 13:00:12.957500,1635768012857404752,Bid,0.0,0,0
2021-11-01 13:00:13.237600,1635768013190346610,Bid,59.57,98,0
2021-11-01 13:00:13.237600,1635768012948248504,Ask,0.0,0,0
2021-11-01 13:00:13.572600,1635768012859200126,Ask,0.0,0,0
2021-11-01 13:00:14.950300,1635768014919067766,Ask,59.7,104,0
2021-11-01 13:00:15.106300,1635768015088918065,Bid,59.57,159,0
2021-11-01 13:00:15.106300,1635768015088973404,Bid,59.57,35,0
2021-11-01 13:00:15.172300,1635768013190346610,Bid,0.0,0,0
2021-11-01 13:00:15.172300,1635768015165734514,Bid,59.57,47,0
2021-11-01 13:00:15.773800,1635768012865405239,Ask,0.0,0,0
2021-11-01 13:00:15.773800,1635768012865851307,Ask,59.58,7,0
2021-11-01 13:00:15.773800,1635768015766566072,Bid,59.57,100,0
2021-11-01 13:00:15.773800,1635768012865851307,Ask,0.0,0,0
2021-11-01 13:00:15.773800,1635767974536621687,Ask,59.59,125,0
2021-11-01 13:00:15.773800,1635768015766617222,Ask,59.58,217,0
2021-11-01 13:00:15.773800,1635767977834908393,Bid,0.0,0,0
2021-11-01 13:00:15.773800,1635768015766663920,Bid,59.57,30,0
2021-11-01 13:00:15.773800,1635768012865896764,Ask,0.0,0,0
2021-11-01 13:00:15.773800,1635768015766617222,Ask,59.58,210,0
2021-11-01 13:00:15.773800,1635767950031493764,Bid,0.0,0,0
2021-11-01 13:00:15.773800,1635768015766691800,Bid,59.57,15,0
2021-11-01 13:00:15.773800,1635768015766787418,Ask,59.59,58,0
2021-11-01 13:00:15.773800,1635768015766875009,Ask,59.59,45,0
2021-11-01 13:00:15.773800,1635768015766617222,Ask,59.58,110,0
2021-11-01 13:00:15.773800,1635768015165734514,Bid,0.0,0,0
2021-11-01 13:00:15.773800,1635767975667918405,Ask,0.0,0,0
2021-11-01 13:00:15.773800,1635767989785998562,Bid,0.0,0,0
2021-11-01 13:00:15.773800,1635768015768908229,Bid,59.57,162,0
2021-11-01 13:00:15.773800,1635768012865902604,Ask,0.0,0,0
2021-11-01 13:00:15.773800,1635768012287028763,Bid,0.0,0,0
2021-11-01 13:00:15.773800,1635768015766617222,Ask,0.0,0,0
2021-11-01 13:00:15.773800,1635767974536621687,Ask,59.59,125,0
2021-11-01 13:00:15.773800,1635767974537077153,Ask,0.0,0,0
2021-11-01 13:00:15.773800,1635768015766787418,Ask,0.0,0,0
2021-11-01 13:00:15.773800,1635767974536743268,Ask,0.0,0,0
2021-11-01 13:00:15.777200,1635768015088973404,Bid,0.0,0,0
2021-11-01 13:00:15.777200,1635768015766875009,Ask,0.0,0,0
2021-11-01 13:00:15.777200,1635767975664292361,Ask,0.0,0,0
2021-11-01 13:00:15.777200,1635768015769453488,Ask,59.59,35,0
2021-11-01 13:00:15.777200,1635768012925295343,Ask,0.0,0,0
2021-11-01 13:00:15.777200,1635768012865617985,Ask,0.0,0,0
2021-11-01 13:00:15.777200,1635768015769453488,Ask,0.0,0,0
2021-11-01 13:00:15.777200,1635768015769587042,Ask,59.59,98,0
2021-11-01 13:00:15.777200,1635768015769595126,Ask,59.59,44,0
2021-11-01 13:00:15.777200,1635768015769599760,Ask,59.59,44,0
2021-11-01 13:00:15.777200,1635768014919067766,Ask,0.0,0,0
2021-11-01 13:00:15.823900,1635767980366487340,Bid,0.0,0,0
2021-11-01 13:00:15.823900,1635768015772028787,Bid,59.42,271,0
2021-11-01 13:00:15.823900,1635768015766566072,Bid,0.0,0,0
2021-11-01 13:00:15.823900,1635768015782499569,Ask,59.63,84,0
2021-11-01 13:00:15.823900,1635768015768908229,Bid,0.0,0,0
2021-11-01 13:00:15.823900,1635768015783743159,Ask,59.59,162,0
2021-11-01 13:00:15.823900,1635768015783953795,Ask,59.59,100,0
2021-11-01 13:00:15.823900,1635768015783995191,Ask,59.59,33,0
2021-11-01 13:00:15.823900,1635768015784322366,Ask,59.58,231,0
2021-11-01 13:00:15.823900,1635768015769599760,Ask,0.0,0,0
2021-11-01 13:00:15.823900,1635768015789228150,Ask,59.61,270,0
2021-11-01 13:00:15.823900,1635768015794122742,Ask,59.59,77,0
2021-11-01 13:00:15.823900,1635768015784322366,Ask,59.58,121,0
2021-11-01 13:00:15.823900,1635768015766691800,Bid,0.0,0,0
2021-11-01 13:00:15.823900,1635768015809615514,Bid,58.38,15,0
2021-11-01 13:00:15.823900,1635768015809642958,Bid,59.57,100,0
2021-11-01 13:00:15.823900,1635768015784322366,Ask,0.0,0,0
2021-11-01 13:00:15.823900,1635767974536621687,Ask,59.59,125,0
2021-11-01 13:00:15.823900,1635768015783743159,Ask,0.0,0,0
2021-11-01 13:00:15.823900,1635768015811153196,Bid,59.57,162,0
2021-11-01 13:00:15.823900,1635768015766663920,Bid,0.0,0,0
2021-11-01 13:00:15.823900,1635768015811190879,Bid,58.38,30,0
2021-11-01 13:00:15.823900,1635768015809615514,Bid,0.0,0,0
2021-11-01 13:00:15.823900,1635768015811213584,Bid,59.57,15,0
2021-11-01 13:00:15.863100,1635768000350237135,Ask,0.0,0,0
2021-11-01 13:00:15.863100,1635768015813944228,Ask,59.61,250,0
2021-11-01 13:00:15.863100,1635768015815098589,Bid,59.56,101,0
2021-11-01 13:00:15.863100,1635768015818657000,Ask,59.58,236,0
2021-11-01 13:00:15.863100,1635768015815098589,Bid,0.0,0,0
2021-11-01 13:00:15.863100,1635768015811153196,Bid,0.0,0,0
2021-11-01 13:00:15.863100,1635768015818716124,Ask,59.59,162,0
2021-11-01 13:00:15.863100,1635768015809642958,Bid,0.0,0,0
2021-11-01 13:00:15.863100,1635768015818657000,Ask,59.58,211,0
2021-11-01 13:00:15.863100,1635768015811213584,Bid,0.0,0,0
2021-11-01 13:00:15.863100,1635768015833842719,Bid,58.38,15,0
2021-11-01 13:00:15.868400,1635768012419368279,Bid,59.57,86,0
2021-11-01 13:00:15.877500,1635768015870803180,Bid,59.57,35,0
2021-11-01 13:00:16.011700,1635768015992658666,Bid,59.48,400,0
2021-11-01 13:00:16.316600,1635768016273284458,Bid,59.57,100,0
2021-11-01 13:00:16.714200,1635768015794122742,Ask,0.0,0,0
2021-11-01 13:00:16.714200,1635768015818657000,Ask,59.58,90,0
2021-11-01 13:00:16.714200,1635768015783995191,Ask,0.0,0,0
2021-11-01 13:00:16.714200,1635768015818657000,Ask,0.0,0,0
2021-11-01 13:00:16.714200,1635767974536621687,Ask,59.59,125,0
2021-11-01 13:00:16.714200,1635768016701648239,Ask,59.58,236,0
2021-11-01 13:00:16.714200,1635768016701691954,Bid,59.55,440,0
2021-11-01 13:00:16.714200,1635768015833842719,Bid,0.0,0,0
2021-11-01 13:00:16.714200,1635768016701698499,Bid,59.57,15,0
2021-11-01 13:00:16.714200,1635768015811190879,Bid,0.0,0,0
2021-11-01 13:00:16.714200,1635768016701706894,Bid,59.57,30,0
2021-11-01 13:00:16.714200,1635768016701648239,Ask,59.58,146,0
2021-11-01 13:00:17.457800,1635768016701648239,Ask,0.0,0,0
2021-11-01 13:00:17.457800,1635767974536621687,Ask,59.59,125,0
2021-11-01 13:00:17.457800,1635768017412382307,Ask,59.58,236,0
2021-11-01 13:00:17.457800,1635768017412464161,Ask,59.59,110,0
2021-11-01 13:00:17.457800,1635768017412382307,Ask,59.58,126,0
2021-11-01 13:00:17.457800,1635768017412382307,Ask,0.0,0,0
2021-11-01 13:00:17.457800,1635767974536621687,Ask,59.59,125,0
2021-11-01 13:00:17.457800,1635768017415890688,Ask,59.58,236,0
2021-11-01 13:00:17.632500,1635768017415890688,Ask,59.58,233,0
2021-11-01 13:00:17.838800,1635768017816960770,Ask,59.7,104,0
2021-11-01 13:00:20.194000,1635768020179316595,Bid,59.56,16,0
2021-11-01 13:00:20.254000,1635768020241761160,Bid,59.57,10,0
2021-11-01 13:00:20.254000,1635768015769587042,Ask,0.0,0,0
2021-11-01 13:00:20.917400,1635768020904050674,Ask,59.58,370,0
2021-11-01 13:00:20.917400,1635768016701698499,Bid,0.0,0,0
2021-11-01 13:00:20.917400,1635768020904139626,Bid,58.38,15,0
2021-11-01 13:00:20.917400,1635768020241761160,Bid,0.0,0,0
2021-11-01 13:00:21.239700,1635768021188590090,Bid,59.57,10,0
2021-11-01 13:00:22.618900,1635768016273284458,Bid,0.0,0,0
2021-11-01 13:00:22.618900,1635768016701706894,Bid,0.0,0,0
2021-11-01 13:00:22.618900,1635768022568793809,Bid,58.38,30,0
2021-11-01 13:00:22.618900,1635768015870803180,Bid,0.0,0,0
2021-11-01 13:00:22.676100,1635768021188590090,Bid,0.0,0,0
2021-11-01 13:00:22.975700,1635768012845580371,Bid,0.0,0,0
2021-11-01 13:00:22.986800,1635768012409259338,Bid,0.0,0,0
2021-11-01 13:00:22.986800,1635768012414088631,Bid,59.57,34,0
2021-11-01 13:00:22.986800,1635768012861645354,Bid,0.0,0,0
2021-11-01 13:00:23.266900,1635768023249520641,Ask,59.6,435,0
2021-11-01 13:00:23.955100,1635768023929780349,Ask,59.58,45,0
2021-11-01 13:00:23.955100,1635768015769595126,Ask,0.0,0,0
2021-11-01 13:00:24.056700,1635768023929780349,Ask,0.0,0,0
2021-11-01 13:00:24.799100,1635768023249520641,Ask,0.0,0,0
2021-11-01 13:00:24.799100,1635768020904050674,Ask,0.0,0,0
2021-11-01 13:00:24.799100,1635768024784290941,Bid,59.57,35,0
2021-11-01 13:00:24.799100,1635768024785383175,Bid,59.57,10,0
2021-11-01 13:00:25.155500,1635768024785383175,Bid,0.0,0,0
2021-11-01 13:00:26.732600,1635768015992658666,Bid,0.0,0,0
2021-11-01 13:00:26.833600,1635768026819328429,Bid,59.47,400,0
2021-11-01 13:00:26.989100,1635768026972100164,Bid,59.53,99,0
2021-11-01 13:00:27.256300,1635768017415890688,Ask,59.58,213,0
2021-11-01 13:00:27.256300,1635768027243764952,Bid,59.57,100,0
2021-11-01 13:00:27.256300,1635768020904139626,Bid,0.0,0,0
2021-11-01 13:00:27.256300,1635768027243844264,Bid,59.57,15,0
2021-11-01 13:00:29.262000,1635768029228084786,Bid,59.57,91,0
2021-11-01 13:00:29.262000,1635768029228141117,Bid,59.57,125,0
2021-11-01 13:00:29.262000,1635768022568793809,Bid,0.0,0,0
2021-11-01 13:00:29.262000,1635768029228221869,Bid,59.57,30,0
2021-11-01 13:00:29.269900,1635768026972100164,Bid,0.0,0,0
2021-11-01 13:00:30.301400,1635768029228141117,Bid,0.0,0,0
2021-11-01 13:00:30.301400,1635768027243764952,Bid,0.0,0,0
2021-11-01 13:00:33.759900,1635768033714467483,Bid,59.57,100,0
2021-11-01 13:00:36.716000,1635767993743859935,Bid,0.0,0,0
2021-11-01 13:00:36.716000,1635768017415890688,Ask,0.0,0,0
2021-11-01 13:00:36.716000,1635767974536621687,Ask,59.59,125,0
2021-11-01 13:00:36.716000,1635768017412464161,Ask,0.0,0,0
2021-11-01 13:00:36.716000,1635768029228221869,Bid,0.0,0,0
2021-11-01 13:00:36.716000,1635768036693308592,Bid,58.38,30,0
2021-11-01 13:00:36.716000,1635768036693601779,Bid,59.58,140,0
2021-11-01 13:00:36.716000,1635768005652659218,Ask,0.0,0,0
2021-11-01 13:00:36.716000,1635767974549633642,Ask,0.0,0,0
2021-11-01 13:00:36.716000,1635768036693666647,Bid,59.57,162,0
2021-11-01 13:00:36.716000,1635768015818716124,Ask,0.0,0,0
2021-11-01 13:00:36.716000,1635767974536621687,Ask,0.0,0,0
2021-11-01 13:00:36.716000,1635768015783953795,Ask,59.59,100,0
2021-11-01 13:00:36.716000,1635767975642909622,Ask,0.0,0,0
2021-11-01 13:00:36.716000,1635768015782499569,Ask,0.0,0,0
2021-11-01 13:00:36.716000,1635768036693730152,Bid,59.58,100,0
2021-11-01 13:00:36.716000,1635768015783953795,Ask,0.0,0,0
2021-11-01 13:00:36.716000,1635767960908113199,Ask,59.6,800,0
2021-11-01 13:00:36.716000,1635767974536648094,Ask,0.0,0,0
2021-11-01 13:00:36.716000,1635768036693781664,Bid,59.58,125,0
2021-11-01 13:00:36.716000,1635768017816960770,Ask,0.0,0,0
2021-11-01 13:00:36.716000,1635768012925264506,Bid,0.0,0,0
2021-11-01 13:00:36.716000,1635768036693798714,Bid,59.58,26,0
2021-11-01 13:00:36.716000,1635767854548809806,Ask,0.0,0,0
2021-11-01 13:00:36.716000,1635768015813944228,Ask,0.0,0,0
2021-11-01 13:00:36.716000,1635767970796486753,Ask,0.0,0,0
2021-11-01 13:00:36.716000,1635768036693848895,Ask,59.6,25,0
2021-11-01 13:00:36.716000,1635768036693901498,Ask,59.6,100,0
2021-11-01 13:00:36.716000,1635768036693924890,Ask,59.6,60,0
2021-11-01 13:00:36.716000,1635768036693939846,Ask,59.6,44,0
2021-11-01 13:00:36.716000,1635767975664968183,Ask,0.0,0,0
2021-11-01 13:00:36.716000,1635768033714467483,Bid,0.0,0,0
2021-11-01 13:00:36.716000,1635768036693730152,Bid,0.0,0,0
2021-11-01 13:00:36.716000,1635768036693601779,Bid,0.0,0,0
2021-11-01 13:00:36.716000,1635768036693781664,Bid,59.58,125,0
2021-11-01 13:00:36.716000,1635768036696877441,Ask,59.63,71,0
2021-11-01 13:00:36.716000,1635768036698793903,Bid,59.58,35,0
2021-11-01 13:00:36.716000,1635768036699640064,Ask,59.64,281,0
2021-11-01 13:00:36.716000,1635768036701475759,Bid,59.58,93,0
2021-11-01 13:00:36.716000,1635768036693781664,Bid,0.0,0,0
2021-11-01 13:00:36.716000,1635768036693798714,Bid,59.58,26,0
2021-11-01 13:00:36.716000,1635768036693798714,Bid,0.0,0,0
2021-11-01 13:00:36.716000,1635768036698793903,Bid,59.58,35,0
2021-11-01 13:00:36.716000,1635768036698793903,Bid,0.0,0,0
2021-11-01 13:00:36.716000,1635768036701475759,Bid,59.58,93,0
2021-11-01 13:00:36.716000,1635768036701475759,Bid,0.0,0,0
2021-11-01 13:00:36.716000,1635768012414088631,Bid,59.57,34,0
2021-11-01 13:00:36.716000,1635768036701857678,Bid,59.58,78,0
2021-11-01 13:00:36.716000,1635768036701941657,Ask,59.59,32,0
2021-11-01 13:00:36.716000,1635768012419368279,Bid,59.57,10,0
2021-11-01 13:00:36.716000,1635768036701941657,Ask,0.0,0,0
2021-11-01 13:00:36.716000,1635767960908113199,Ask,59.6,800,0
2021-11-01 13:00:36.716000,1635768036701857678,Bid,59.58,69,0
2021-11-01 13:00:36.759900,1635768036705994367,Ask,59.69,400,0
2021-11-01 13:00:36.759900,1635768036708016782,Ask,59.62,142,0
2021-11-01 13:00:36.759900,1635768036710299980,Bid,59.57,101,0
2021-11-01 13:00:36.759900,1635768036716639813,Ask,59.6,100,0
2021-11-01 13:00:36.759900,1635768012419368279,Bid,0.0,0,0
2021-11-01 13:00:36.759900,1635768036748743436,Ask,59.62,216,0
2021-11-01 13:00:36.801300,1635768036778449489,Ask,59.69,84,0
2021-11-01 13:00:36.801300,1635768036793925280,Ask,60.03,84,0
2021-11-01 13:00:36.843100,1635768001122349235,Bid,0.0,0,0
2021-11-01 13:00:36.843100,1635768036803309104,Bid,59.42,114,0
2021-11-01 13:00:36.843100,1635768036815302893,Bid,59.56,101,0
2021-11-01 13:00:36.843100,1635768036815932144,Ask,59.59,125,0
2021-11-01 13:00:36.843100,1635768036710299980,Bid,0.0,0,0
2021-11-01 13:00:36.881800,1635768036693924890,Ask,0.0,0,0
2021-11-01 13:00:36.881800,1635768036815932144,Ask,59.59,102,0
2021-11-01 13:00:36.881800,1635768036815932144,Ask,0.0,0,0
2021-11-01 13:00:36.881800,1635767960908113199,Ask,59.6,800,0
2021-11-01 13:00:36.881800,1635768036841767953,Bid,59.58,35,0
2021-11-01 13:00:36.881800,1635768024784290941,Bid,0.0,0,0
2021-11-01 13:00:36.881800,1635767974536483184,Ask,0.0,0,0
2021-11-01 13:00:36.881800,1635768036693939846,Ask,0.0,0,0
2021-11-01 13:00:36.881800,1635768036716639813,Ask,0.0,0,0
2021-11-01 13:00:36.881800,1635768036842157203,Bid,59.58,100,0
2021-11-01 13:00:36.881800,1635768036842190379,Bid,59.58,125,0
2021-11-01 13:00:36.881800,1635768036842312842,Bid,59.56,440,0
2021-11-01 13:00:36.881800,1635767995072238065,Bid,0.0,0,0
2021-11-01 13:00:36.881800,1635767974536737501,Ask,0.0,0,0
2021-11-01 13:00:36.881800,1635768036842356381,Ask,59.6,35,0
2021-11-01 13:00:36.881800,1635768036842356381,Ask,0.0,0,0
2021-11-01 13:00:36.881800,1635768036693901498,Ask,0.0,0,0
2021-11-01 13:00:36.881800,1635767984138150975,Ask,0.0,0,0
2021-11-01 13:00:36.881800,1635768036843050808,Ask,59.76,114,0
2021-11-01 13:00:36.881800,1635768036843359971,Bid,59.58,100,0
2021-11-01 13:00:36.881800,1635767975666096349,Ask,0.0,0,0
2021-11-01 13:00:36.881800,1635768036843425037,Ask,59.76,271,0
2021-11-01 13:00:36.934800,1635768036920302441,Bid,59.57,101,0
2021-11-01 13:00:37.702800,1635767974536493835,Ask,0.0,0,0
2021-11-01 13:00:37.702800,1635768037649991268,Bid,59.58,62,0
2021-11-01 13:00:37.740600,1635767975693506999,Bid,0.0,0,0
2021-11-01 13:00:37.802500,1635768037768717356,Bid,59.56,171,0
2021-11-01 13:00:37.812100,1635767975670399844,Bid,0.0,0,0
2021-11-01 13:00:37.891100,1635768037881841309,Bid,59.56,242,0
2021-11-01 13:00:38.733100,1635768038716135967,Ask,59.72,104,0
2021-11-01 13:00:38.865600,1635768012834067195,Bid,0.0,0,0
2021-11-01 13:00:38.865600,1635768010446817981,Bid,0.0,0,0
2021-11-01 13:00:38.865600,1635768038836983332,Bid,59.58,91,0
2021-11-01 13:00:38.865600,1635768038837031421,Bid,59.58,162,0
2021-11-01 13:00:38.865600,1635768038837067322,Bid,59.58,26,0
2021-11-01 13:00:38.865600,1635768038837087379,Bid,59.59,125,0
2021-11-01 13:00:38.865600,1635768036693848895,Ask,0.0,0,0
2021-11-01 13:00:38.865600,1635768038837149288,Ask,60.79,25,0
2021-11-01 13:00:38.865600,1635768038837220422,Bid,59.59,100,0
2021-11-01 13:00:38.865600,1635767974654636217,Ask,0.0,0,0
2021-11-01 13:00:38.865600,1635768038837278584,Bid,59.57,84,0
2021-11-01 13:00:38.865600,1635768015789228150,Ask,0.0,0,0
2021-11-01 13:00:38.865600,1635768038837536241,Bid,59.57,137,0
2021-11-01 13:00:38.865600,1635767976615695374,Bid,0.0,0,0
2021-11-01 13:00:38.865600,1635768038837663475,Bid,59.47,104,0
2021-11-01 13:00:38.865600,1635768038838081134,Bid,59.59,35,0
2021-11-01 13:00:38.865600,1635768036841767953,Bid,0.0,0,0
2021-11-01 13:00:38.865600,1635768026819328429,Bid,0.0,0,0
2021-11-01 13:00:38.865600,1635768036803309104,Bid,0.0,0,0
2021-11-01 13:00:38.865600,1635768038838358510,Bid,59.43,114,0
2021-11-01 13:00:38.865600,1635768015772028787,Bid,0.0,0,0
2021-11-01 13:00:38.865600,1635768038838739704,Bid,59.43,271,0
2021-11-01 13:00:38.903200,1635768038852658027,Bid,59.49,400,0
2021-11-01 13:00:38.903200,1635767975664234271,Bid,0.0,0,0
2021-11-01 13:00:38.903200,1635768038861460515,Bid,59.28,167,0
2021-11-01 13:00:38.951300,1635767950104339951,Bid,0.0,0,0
2021-11-01 13:00:39.065100,1635768038837220422,Bid,0.0,0,0
2021-11-01 13:00:39.303600,1635768020179316595,Bid,0.0,0,0
2021-11-01 13:00:39.303600,1635768039278460402,Bid,59.58,16,0
2021-11-01 13:00:39.467100,1635767977165914556,Bid,0.0,0,0
2021-11-01 13:00:39.467100,1635768039463443160,Bid,59.56,149,0
2021-11-01 13:00:41.348700,1635768036842157203,Bid,0.0,0,0
2021-11-01 13:00:41.348700,1635768038837087379,Bid,0.0,0,0
2021-11-01 13:00:41.348700,1635768038838081134,Bid,59.59,35,0
2021-11-01 13:00:41.348700,1635768038837278584,Bid,0.0,0,0
2021-11-01 13:00:41.348700,1635768038837149288,Ask,0.0,0,0
2021-11-01 13:00:41.348700,1635768041336807841,Ask,59.6,25,0
2021-11-01 13:00:41.348700,1635768038838081134,Bid,0.0,0,0
2021-11-01 13:00:41.348700,1635768036701857678,Bid,59.58,69,0
2021-11-01 13:00:41.348700,1635768038837031421,Bid,0.0,0,0
2021-11-01 13:00:41.348700,1635768041336928966,Ask,59.6,162,0
2021-11-01 13:00:41.348700,1635768037649991268,Bid,0.0,0,0
2021-11-01 13:00:41.348700,1635768038837067322,Bid,0.0,0,0
2021-11-01 13:00:41.348700,1635768041336961050,Bid,58.39,26,0
2021-11-01 13:00:41.348700,1635768041336984549,Ask,59.6,45,0
2021-11-01 13:00:41.348700,1635768038837663475,Bid,0.0,0,0
2021-11-01 13:00:41.348700,1635768041337676990,Ask,59.6,35,0
2021-11-01 13:00:41.429200,1635768041336807841,Ask,0.0,0,0
2021-11-01 13:00:41.429200,1635768041404562481,Ask,60.79,25,0
2021-11-01 13:00:41.468200,1635768041435365361,Ask,59.61,101,0
2021-11-01 13:00:41.468200,1635768041436922016,Bid,59.17,84,0
2021-11-01 13:00:41.468200,1635768036842190379,Bid,0.0,0,0
2021-11-01 13:00:41.468200,1635768041404562481,Ask,0.0,0,0
2021-11-01 13:00:41.468200,1635768041446785829,Ask,59.6,25,0
2021-11-01 13:00:41.468200,1635768041446835175,Ask,59.6,62,0
2021-11-01 13:00:41.468200,1635768041447045257,Ask,59.6,35,0
2021-11-01 13:00:41.468200,1635768041447150077,Ask,59.6,53,0
2021-11-01 13:00:41.468200,1635768041447193027,Ask,59.59,125,0
2021-11-01 13:00:41.468200,1635768036920302441,Bid,0.0,0,0
2021-11-01 13:00:41.468200,1635768041447275896,Bid,59.58,35,0
2021-11-01 13:00:41.468200,1635768041447288365,Ask,59.62,90,0
2021-11-01 13:00:41.468200,1635768036843359971,Bid,0.0,0,0
2021-11-01 13:00:41.468200,1635768036843425037,Ask,0.0,0,0
2021-11-01 13:00:41.468200,1635768041448587045,Ask,59.75,271,0
2021-11-01 13:00:41.878400,1635768041447193027,Ask,0.0,0,0
2021-11-01 13:00:41.878400,1635767960908113199,Ask,59.6,800,0
2021-11-01 13:00:41.878400,1635768041447275896,Bid,0.0,0,0
2021-11-01 13:00:41.878400,1635768041446835175,Ask,0.0,0,0
2021-11-01 13:00:41.878400,1635768041447288365,Ask,0.0,0,0
2021-11-01 13:00:41.899400,1635768041891416686,Ask,59.6,100,0
2021-11-01 13:00:41.972200,1635768041960367147,Bid,59.57,101,0
2021-11-01 13:00:42.439800,1635768042429579823,Ask,59.59,365,0
2021-11-01 13:00:42.439800,1635768041960367147,Bid,0.0,0,0
2021-11-01 13:00:43.426300,1635768043415906288,Bid,59.46,104,0
2021-11-01 13:00:43.906900,1635768043861683666,Ask,59.63,84,0
2021-11-01 13:00:43.947000,1635768043899615385,Ask,59.61,279,0
2021-11-01 13:00:44.110500,1635768036793925280,Ask,0.0,0,0
2021-11-01 13:00:44.825600,1635768042429579823,Ask,0.0,0,0
2021-11-01 13:00:44.825600,1635767960908113199,Ask,59.6,800,0
2021-11-01 13:00:44.825600,1635768043861683666,Ask,0.0,0,0
2021-11-01 13:00:44.825600,1635768041336984549,Ask,0.0,0,0
2021-11-01 13:00:44.825600,1635768044794764847,Ask,59.59,125,0
2021-11-01 13:00:44.825600,1635768044794784787,Bid,59.58,35,0
2021-11-01 13:00:44.825600,1635768044794784787,Bid,0.0,0,0
2021-11-01 13:00:44.825600,1635768027243844264,Bid,0.0,0,0
2021-11-01 13:00:44.825600,1635768044794851468,Bid,58.38,15,0
2021-11-01 13:00:44.902900,1635768044894842294,Ask,60.03,84,0
2021-11-01 13:00:46.740900,1635767979632666330,Ask,0.0,0,0
2021-11-01 13:00:46.814900,1635768046799328245,Ask,59.79,400,0
2021-11-01 13:00:47.385700,1635768047367007110,Ask,59.59,34,0
2021-11-01 13:00:47.429200,1635768047406765898,Bid,59.58,58,0
2021-11-01 13:00:49.741700,1635768038852658027,Bid,0.0,0,0
2021-11-01 13:00:49.840700,1635768049812655136,Bid,59.48,400,0
2021-11-01 13:00:52.581400,1635768052562784980,Ask,59.59,98,0
2021-11-01 13:00:52.581400,1635768052562832869,Ask,59.63,84,0
2021-11-01 13:00:52.581400,1635768052562784980,Ask,0.0,0,0
2021-11-01 13:00:52.827400,1635768044894842294,Ask,0.0,0,0
2021-11-01 13:00:53.354800,1635768052562832869,Ask,0.0,0,0
2021-11-01 13:00:53.459900,1635767942223358592,Ask,0.0,0,0
2021-11-01 13:00:53.459900,1635768053441177597,Ask,60.03,84,0
2021-11-01 13:00:56.079600,1635768041891416686,Ask,0.0,0,0
2021-11-01 13:00:56.079600,1635768044794764847,Ask,0.0,0,0
2021-11-01 13:00:56.079600,1635768047367007110,Ask,59.59,34,0
2021-11-01 13:00:56.079600,1635768056070789033,Bid,59.58,35,0
2021-11-01 13:00:56.079600,1635768056070797994,Bid,59.58,100,0
2021-11-01 13:00:56.079600,1635768041337676990,Ask,0.0,0,0
2021-11-01 13:00:56.079600,1635768041336961050,Bid,0.0,0,0
2021-11-01 13:00:56.079600,1635768056070863105,Bid,59.58,26,0
2021-11-01 13:00:58.001000,1635768041447150077,Ask,0.0,0,0
2021-11-01 13:00:58.001000,1635768041447045257,Ask,0.0,0,0
2021-11-01 13:00:58.001000,1635768057957715803,Bid,59.58,125,0
2021-11-01 13:00:58.269100,1635768036693308592,Bid,0.0,0,0
2021-11-01 13:00:58.269100,1635768058224864280,Bid,59.58,30,0
2021-11-01 13:00:58.269100,1635768047367007110,Ask,0.0,0,0
2021-11-01 13:00:58.269100,1635767960908113199,Ask,59.6,800,0
2021-11-01 13:00:58.269100,1635768036705994367,Ask,0.0,0,0
2021-11-01 13:00:58.269100,1635768058225807645,Bid,59.59,110,0
2021-11-01 13:00:58.269100,1635768058225824504,Ask,59.6,35,0
2021-11-01 13:00:58.269100,1635768041435365361,Ask,0.0,0,0
2021-11-01 13:00:58.269100,1635768058225868208,Bid,59.58,162,0
2021-11-01 13:00:58.269100,1635768056070789033,Bid,0.0,0,0
2021-11-01 13:00:58.269100,1635768041336928966,Ask,0.0,0,0
2021-11-01 13:00:58.269100,1635768043899615385,Ask,0.0,0,0
2021-11-01 13:00:58.269100,1635768058225824504,Ask,0.0,0,0
2021-11-01 13:00:58.269100,1635768058226449081,Bid,59.57,84,0
2021-11-01 13:00:58.269100,1635768058235575656,Bid,59.57,101,0
2021-11-01 13:00:58.269100,1635768047406765898,Bid,0.0,0,0
2021-11-01 13:00:58.339800,1635768058325986952,Ask,59.7,400,0
2021-11-01 13:00:58.350000,1635768041436922016,Bid,0.0,0,0
2021-11-01 13:01:00.740700,1635767999865992645,Bid,0.0,0,0
2021-11-01 13:01:00.949000,1635768060919321788,Bid,59.39,400,0
2021-11-01 13:01:06.143100,1635768003542097709,Ask,0.0,0,0
2021-11-01 13:01:06.286600,1635768066264541319,Ask,59.75,165,0
2021-11-01 13:01:06.825300,1635768058226449081,Bid,0.0,0,0
2021-11-01 13:01:06.825300,1635768066815419460,Bid,59.58,17,0
2021-11-01 13:01:06.936000,1635768066914990797,Bid,59.17,84,0
2021-11-01 13:01:07.283700,1635768067257045035,Bid,59.57,84,0
2021-11-01 13:01:07.321700,1635768066914990797,Bid,0.0,0,0
2021-11-01 13:01:07.378500,1635768067371040705,Bid,59.59,34,0
2021-11-01 13:01:07.385700,1635768012414088631,Bid,0.0,0,0
2021-11-01 13:01:08.252500,1635767995703416806,Bid,0.0,0,0
2021-11-01 13:01:08.252500,1635768046799328245,Ask,0.0,0,0
2021-11-01 13:01:08.276700,1635768068268540130,Bid,59.59,35,0
2021-11-01 13:01:08.330400,1635768068279322343,Ask,59.8,400,0
2021-11-01 13:01:09.261000,1635767971233744108,Ask,0.0,0,0
2021-11-01 13:01:10.554600,1635768070532608898,Bid,59.59,7,0
2021-11-01 13:01:13.438200,1635768015088918065,Bid,0.0,0,0
2021-11-01 13:01:13.438200,1635768073404028151,Bid,59.59,327,0
2021-11-01 13:01:13.438200,1635768044794851468,Bid,0.0,0,0
2021-11-01 13:01:13.438200,1635768073404106337,Bid,59.59,15,0
2021-11-01 13:01:13.438200,1635768041446785829,Ask,0.0,0,0
2021-11-01 13:01:13.438200,1635768073404116459,Ask,60.79,25,0
2021-11-01 13:01:13.647300,1635768073404116459,Ask,0.0,0,0
2021-11-01 13:01:14.192100,1635768074163580513,Bid,59.59,90,0
2021-11-01 13:01:14.192100,1635767968766366448,Bid,0.0,0,0
2021-11-01 13:01:16.140000,1635768076094459363,Bid,59.59,100,0
2021-11-01 13:01:16.140000,1635768056070797994,Bid,0.0,0,0
2021-11-01 13:01:16.176500,1635768076094459363,Bid,0.0,0,0
2021-11-01 13:01:18.205700,1635768078183742057,Bid,59.58,99,0
2021-11-01 13:01:18.216000,1635767889702819940,Bid,0.0,0,0
2021-11-01 13:01:19.699200,1635767995071143341,Bid,0.0,0,0
2021-11-01 13:01:22.172400,1635768082156047457,Bid,59.59,96,0
2021-11-01 13:01:22.951500,1635767998738854384,Bid,0.0,0,0
2021-11-01 13:01:23.362500,1635768083356042078,Bid,59.59,317,0
2021-11-01 13:01:23.362500,1635768083356120329,Bid,59.59,62,0
2021-11-01 13:01:24.953000,1635768084940090740,Bid,59.57,440,0
2021-11-01 13:01:24.953000,1635767975535992573,Bid,0.0,0,0
2021-11-01 13:01:25.749500,1635768085729741461,Ask,60.0,334,0
2021-11-01 13:01:26.672900,1635767960908113199,Ask,0.0,0,0
2021-11-01 13:01:26.672900,1635767967742054409,Ask,59.6,97,0
2021-11-01 13:01:26.672900,1635767967742054409,Ask,0.0,0,0
2021-11-01 13:01:26.672900,1635767752922564068,Ask,59.61,116,0
2021-11-01 13:01:26.672900,1635768058325986952,Ask,0.0,0,0
2021-11-01 13:01:26.672900,1635768086635025998,Bid,59.6,130,0
2021-11-01 13:01:26.672900,1635768086635045458,Bid,59.59,100,0
2021-11-01 13:01:26.672900,1635768083356120329,Bid,0.0,0,0
2021-11-01 13:01:26.672900,1635768086635068883,Bid,59.59,25,0
2021-11-01 13:01:26.672900,1635767950001400544,Ask,0.0,0,0
2021-11-01 13:01:26.672900,1635767950084354991,Ask,0.0,0,0
2021-11-01 13:01:26.672900,1635768086635118923,Bid,59.6,22,0
2021-11-01 13:01:26.672900,1635768036748743436,Ask,0.0,0,0
2021-11-01 13:01:26.672900,1635767971825774502,Ask,0.0,0,0
2021-11-01 13:01:26.672900,1635767752922564068,Ask,0.0,0,0
2021-11-01 13:01:26.672900,1635767160450482412,Ask,59.62,62,0
2021-11-01 13:01:26.672900,1635768086635457729,Bid,59.59,155,0
2021-11-01 13:01:26.672900,1635767945170655375,Ask,0.0,0,0
2021-11-01 13:01:26.672900,1635767940809284694,Ask,0.0,0,0
2021-11-01 13:01:26.672900,1635768086635502318,Ask,59.62,28,0
2021-11-01 13:01:26.672900,1635768086635521806,Bid,59.6,125,0
2021-11-01 13:01:26.672900,1635768038716135967,Ask,0.0,0,0
2021-11-01 13:01:26.672900,1635768086635545374,Ask,59.62,100,0
2021-11-01 13:01:26.672900,1635768086635559649,Ask,59.62,78,0
2021-11-01 13:01:26.672900,1635768086635577633,Ask,59.62,100,0
2021-11-01 13:01:26.672900,1635768086635582546,Ask,59.62,46,0
2021-11-01 13:01:26.672900,1635767891259235007,Ask,0.0,0,0
2021-11-01 13:01:26.672900,1635767970820101591,Ask,0.0,0,0
2021-11-01 13:01:26.672900,1635768036699640064,Ask,0.0,0,0
2021-11-01 13:01:26.672900,1635767950005651323,Ask,0.0,0,0
2021-11-01 13:01:26.672900,1635768086636887764,Bid,59.6,35,0
2021-11-01 13:01:26.672900,1635768068268540130,Bid,0.0,0,0
2021-11-01 13:01:26.672900,1635768038838739704,Bid,0.0,0,0
2021-11-01 13:01:26.672900,1635768086637606805,Bid,59.44,271,0
2021-11-01 13:01:26.672900,1635768036696877441,Ask,0.0,0,0
2021-11-01 13:01:26.672900,1635768086637636668,Ask,59.65,83,0
2021-11-01 13:01:26.672900,1635768086637663216,Ask,59.71,106,0
2021-11-01 13:01:26.672900,1635768086638745297,Bid,59.6,34,0
2021-11-01 13:01:26.672900,1635768073404028151,Bid,0.0,0,0
2021-11-01 13:01:26.672900,1635768086642006466,Ask,59.64,289,0
2021-11-01 13:01:26.672900,1635767891244681300,Ask,0.0,0,0
2021-11-01 13:01:26.672900,1635768086642978291,Ask,59.67,83,0
2021-11-01 13:01:26.672900,1635768086643026353,Bid,59.6,90,0
2021-11-01 13:01:26.672900,1635768067371040705,Bid,0.0,0,0
2021-11-01 13:01:26.672900,1635768082156047457,Bid,0.0,0,0
2021-11-01 13:01:26.672900,1635768086650014670,Bid,59.6,328,0
2021-11-01 13:01:26.672900,1635768086652848116,Bid,59.58,440,0
2021-11-01 13:01:26.672900,1635767891236785967,Bid,0.0,0,0
2021-11-01 13:01:26.672900,1635768086635545374,Ask,0.0,0,0
2021-11-01 13:01:26.672900,1635768006766280883,Bid,0.0,0,0
2021-11-01 13:01:26.712900,1635768086659112646,Bid,59.6,96,0
2021-11-01 13:01:26.712900,1635768086635118923,Bid,0.0,0,0
2021-11-01 13:01:26.712900,1635768086659186896,Bid,58.41,22,0
2021-11-01 13:01:26.712900,1635768086635502318,Ask,0.0,0,0
2021-11-01 13:01:26.712900,1635768086659216854,Ask,60.81,28,0
2021-11-01 13:01:26.712900,1635768086659186896,Bid,0.0,0,0
2021-11-01 13:01:26.712900,1635768086659323773,Bid,59.6,22,0
2021-11-01 13:01:26.712900,1635768036708016782,Ask,0.0,0,0
2021-11-01 13:01:26.712900,1635767975704659215,Bid,0.0,0,0
2021-11-01 13:01:26.712900,1635768086690862963,Bid,59.59,101,0
2021-11-01 13:01:26.712900,1635768086690870985,Ask,59.79,101,0
2021-11-01 13:01:26.720200,1635768086705933035,Ask,59.64,171,0
2021-11-01 13:01:26.720200,1635768086705987093,Ask,59.71,400,0
2021-11-01 13:01:26.779200,1635768012320777232,Bid,0.0,0,0
2021-11-01 13:01:26.779200,1635768086729210230,Bid,58.37,19,0
2021-11-01 13:01:26.779200,1635768086729223914,Ask,59.64,217,0
2021-11-01 13:01:26.779200,1635768086735647776,Ask,60.05,84,0
2021-11-01 13:01:26.779200,1635768049812655136,Bid,0.0,0,0
2021-11-01 13:01:26.779200,1635768070532608898,Bid,0.0,0,0
2021-11-01 13:01:26.779200,1635768086738929711,Bid,59.6,7,0
2021-11-01 13:01:26.779200,1635768086739925739,Ask,59.67,90,0
2021-11-01 13:01:26.818400,1635767764022286712,Bid,0.0,0,0
2021-11-01 13:01:26.818400,1635768086795864647,Bid,59.58,101,0
2021-11-01 13:01:26.818400,1635768086795872803,Ask,59.8,101,0
2021-11-01 13:01:26.824300,1635768086801529075,Bid,59.6,61,0
2021-11-01 13:01:26.824300,1635767740590244805,Ask,0.0,0,0
2021-11-01 13:01:26.837000,1635768086819323979,Bid,59.5,400,0
2021-11-01 13:01:27.022700,1635768012858783640,Ask,0.0,0,0
2021-11-01 13:01:27.022700,1635768087010165418,Bid,59.6,155,0
2021-11-01 13:01:27.022700,1635767741259266455,Ask,0.0,0,0
2021-11-01 13:01:27.022700,1635768086801529075,Bid,0.0,0,0
2021-11-01 13:01:27.022700,1635768087010212526,Bid,59.61,125,0
2021-11-01 13:01:27.022700,1635768087010231779,Ask,59.94,167,0
2021-11-01 13:01:27.022700,1635768087010244452,Bid,59.6,100,0
2021-11-01 13:01:27.022700,1635768087010262904,Bid,59.6,34,0
2021-11-01 13:01:27.022700,1635767741342002272,Ask,0.0,0,0
2021-11-01 13:01:27.022700,1635767753167065746,Ask,0.0,0,0
2021-11-01 13:01:27.022700,1635768086635577633,Ask,0.0,0,0
2021-11-01 13:01:27.022700,1635767942183709818,Bid,0.0,0,0
2021-11-01 13:01:27.022700,1635768087010573556,Bid,59.2,845,0
2021-11-01 13:01:27.022700,1635768043415906288,Bid,0.0,0,0
2021-11-01 13:01:27.022700,1635768087010800201,Bid,59.49,104,0
2021-11-01 13:01:27.022700,1635768041448587045,Ask,0.0,0,0
2021-11-01 13:01:27.022700,1635768087010957875,Ask,59.78,271,0
2021-11-01 13:01:27.022700,1635768087011198838,Bid,59.61,35,0
2021-11-01 13:01:27.022700,1635768086636887764,Bid,0.0,0,0
2021-11-01 13:01:27.022700,1635768086635559649,Ask,0.0,0,0
2021-11-01 13:01:27.022700,1635768086635582546,Ask,0.0,0,0
2021-11-01 13:01:27.022700,1635768087011284745,Bid,59.59,84,0
2021-11-01 13:01:27.022700,1635768086729210230,Bid,0.0,0,0
2021-11-01 13:01:27.022700,1635768087011314667,Bid,59.61,19,0
2021-11-01 13:01:27.022700,1635768038838358510,Bid,0.0,0,0
2021-11-01 13:01:27.022700,1635768087011397978,Bid,59.44,114,0
2021-11-01 13:01:27.022700,1635767969783715177,Bid,0.0,0,0
2021-11-01 13:01:27.101200,1635767892295227044,Bid,0.0,0,0
2021-11-01 13:01:27.107400,1635767160450482412,Ask,0.0,0,0
2021-11-01 13:01:27.107400,1635767160467875218,Ask,59.62,48,0
2021-11-01 13:01:27.107400,1635767160467875218,Ask,0.0,0,0
2021-11-01 13:01:27.107400,1635767041200018117,Ask,59.63,140,0
2021-11-01 13:01:27.107400,1635768087091417906,Ask,59.63,46,0
2021-11-01 13:01:27.107400,1635768087091425682,Ask,59.63,78,0
2021-11-01 13:01:27.107400,1635768086659216854,Ask,0.0,0,0
2021-11-01 13:01:27.107400,1635768087091451250,Ask,59.63,28,0
2021-11-01 13:01:27.107400,1635768087091459666,Bid,59.6,110,0
2021-11-01 13:01:27.107400,1635768086729223914,Ask,0.0,0,0
2021-11-01 13:01:27.107400,1635767659493519653,Ask,0.0,0,0
2021-11-01 13:01:27.107400,1635768087091663875,Ask,59.63,35,0
2021-11-01 13:01:27.107400,1635768087091710235,Ask,59.63,100,0
2021-11-01 13:01:27.107400,1635767975664620467,Ask,0.0,0,0
2021-11-01 13:01:27.107400,1635768087091727295,Ask,60.04,845,0
2021-11-01 13:01:27.107400,1635768087091663875,Ask,0.0,0,0
2021-11-01 13:01:27.107400,1635768087092331594,Bid,59.59,440,0
2021-11-01 13:01:27.107400,1635768012857306807,Bid,0.0,0,0
2021-11-01 13:01:27.107400,1635768036843050808,Ask,0.0,0,0
2021-11-01 13:01:27.107400,1635768087092510967,Ask,59.8,114,0
2021-11-01 13:01:27.147000,1635767071224670953,Bid,0.0,0,0
2021-11-01 13:01:27.147000,1635768087110866238,Bid,59.6,101,0
2021-11-01 13:01:27.147000,1635768087110873799,Ask,59.81,101,0
2021-11-01 13:01:27.147000,1635767041200018117,Ask,0.0,0,0
2021-11-01 13:01:27.147000,1635767041200119965,Ask,59.63,116,0
2021-11-01 13:01:27.147000,1635768087110960205,Bid,59.61,61,0
2021-11-01 13:01:27.147000,1635768087110960205,Bid,0.0,0,0
2021-11-01 13:01:27.147000,1635767936949535352,Ask,0.0,0,0
2021-11-01 13:01:27.187000,1635767160134236333,Bid,0.0,0,0
2021-11-01 13:01:27.272200,1635767942434472848,Bid,0.0,0,0
2021-11-01 13:01:27.272200,1635768087260568696,Bid,59.35,177,0
2021-11-01 13:01:27.323200,1635768012287207932,Bid,0.0,0,0
2021-11-01 13:01:27.323200,1635768087312097178,Bid,58.37,32,0
2021-11-01 13:01:27.519000,1635768087514191344,Ask,59.63,35,0
2021-11-01 13:01:27.693300,1635768086637606805,Bid,0.0,0,0
2021-11-01 13:01:27.693300,1635768087648700624,Bid,59.45,271,0
2021-11-01 13:01:27.699300,1635768087653211590,Ask,59.66,89,0
2021-11-01 13:01:27.699300,1635768037768717356,Bid,0.0,0,0
2021-11-01 13:01:27.709600,1635768039463443160,Bid,0.0,0,0
2021-11-01 13:01:27.720200,1635768086637636668,Ask,0.0,0,0
2021-11-01 13:01:27.731200,1635768087715881146,Bid,59.59,237,0
2021-11-01 13:01:27.771300,1635768056070863105,Bid,0.0,0,0
2021-11-01 13:01:27.771300,1635768087758636640,Bid,58.39,26,0
2021-11-01 13:01:27.771300,1635768037881841309,Bid,0.0,0,0
2021-11-01 13:01:27.771300,1635768087758663229,Ask,59.65,229,0
2021-11-01 13:01:27.912800,1635768087861271568,Bid,59.59,217,0
2021-11-01 13:01:27.912800,1635768038837536241,Bid,0.0,0,0
2021-11-01 13:01:27.918500,1635768087874165358,Bid,59.6,137,0
2021-11-01 13:01:28.059300,1635768088041780774,Bid,59.56,138,0
2021-11-01 13:01:28.304300,1635768088278367201,Bid,59.54,701,0
2021-11-01 13:01:28.304300,1635768088278497173,Ask,59.7,737,0
2021-11-01 13:01:28.376700,1635768088369960557,Ask,59.63,34,0
2021-11-01 13:01:28.739800,1635768088714708203,Ask,59.75,104,0
2021-11-01 13:01:29.655800,1635768089625850132,Ask,59.66,102,0
2021-11-01 13:01:29.699700,1635768086650014670,Bid,0.0,0,0
2021-11-01 13:01:29.699700,1635768087011198838,Bid,0.0,0,0
2021-11-01 13:01:29.699700,1635768087011314667,Bid,0.0,0,0
2021-11-01 13:01:29.699700,1635768089647803723,Bid,58.42,19,0
2021-11-01 13:01:29.699700,1635768038861460515,Bid,0.0,0,0
2021-11-01 13:01:29.699700,1635767041200192652,Ask,0.0,0,0
2021-11-01 13:01:29.699700,1635768087091710235,Ask,0.0,0,0
2021-11-01 13:01:29.699700,1635768089659199869,Bid,59.31,167,0
2021-11-01 13:01:29.699700,1635768089659229059,Bid,59.61,100,0
2021-11-01 13:01:29.699700,1635768089659591666,Bid,59.62,385,0
2021-11-01 13:01:29.699700,1635767041299305421,Ask,0.0,0,0
2021-11-01 13:01:29.699700,1635768089659644812,Bid,59.61,105,0
2021-11-01 13:01:29.699700,1635768089659650342,Bid,59.62,90,0
2021-11-01 13:01:29.699700,1635768089659700539,Bid,59.61,155,0
2021-11-01 13:01:29.699700,1635768087514191344,Ask,0.0,0,0
2021-11-01 13:01:29.699700,1635768087011397978,Bid,0.0,0,0
2021-11-01 13:01:29.699700,1635768089659716308,Bid,59.45,114,0
2021-11-01 13:01:29.699700,1635768087091451250,Ask,0.0,0,0
2021-11-01 13:01:29.699700,1635768089659736696,Ask,60.82,28,0
2021-11-01 13:01:29.699700,1635767158897469724,Ask,0.0,0,0
2021-11-01 13:01:29.699700,1635768087010573556,Bid,0.0,0,0
2021-11-01 13:01:29.699700,1635768089659843210,Bid,59.21,845,0
2021-11-01 13:01:29.699700,1635768089659861402,Ask,59.68,90,0
2021-11-01 13:01:29.699700,1635767740590411359,Bid,0.0,0,0
2021-11-01 13:01:29.699700,1635768089659880881,Bid,58.91,1689,0
2021-11-01 13:01:29.699700,1635768087648700624,Bid,0.0,0,0
2021-11-01 13:01:29.699700,1635768089660130741,Bid,59.46,271,0
2021-11-01 13:01:29.699700,1635768087010244452,Bid,0.0,0,0
2021-11-01 13:01:29.871300,1635768089659650342,Bid,0.0,0,0
2021-11-01 13:01:29.881500,1635768038836983332,Bid,0.0,0,0
2021-11-01 13:01:29.881500,1635768089874780390,Bid,59.6,91,0
2021-11-01 13:01:29.926300,1635767041190246487,Ask,0.0,0,0
2021-11-01 13:01:29.926300,1635768089884381583,Bid,59.62,35,0
2021-11-01 13:01:29.927900,1635768087260568696,Bid,0.0,0,0
2021-11-01 13:01:29.927900,1635768089910858472,Bid,59.36,177,0
2021-11-01 13:01:29.967700,1635768089949871715,Ask,59.67,84,0
2021-11-01 13:01:30.010200,1635768089992806541,Ask,59.63,46,0
2021-11-01 13:01:30.010200,1635768089884381583,Bid,0.0,0,0
2021-11-01 13:01:30.171800,1635768090136617382,Ask,59.63,20,0
2021-11-01 13:01:30.661300,1635768090644452952,Ask,59.66,265,0
2021-11-01 13:01:30.661300,1635768090648445189,Bid,59.62,34,0
2021-11-01 13:01:30.669100,1635768086638745297,Bid,0.0,0,0
2021-11-01 13:01:30.757500,1635768090713759685,Bid,59.59,169,0
2021-11-01 13:01:30.837900,1635768090798908820,Ask,59.63,332,0
2021-11-01 13:01:30.837900,1635768089659229059,Bid,0.0,0,0
2021-11-01 13:01:30.837900,1635768090798961256,Ask,59.63,125,0
2021-11-01 13:01:30.837900,1635768089659591666,Bid,0.0,0,0
2021-11-01 13:01:30.837900,1635768090648445189,Bid,59.62,34,0
2021-11-01 13:01:30.837900,1635768090648445189,Bid,0.0,0,0
2021-11-01 13:01:30.837900,1635768087010212526,Bid,59.61,125,0
2021-11-01 13:01:30.837900,1635768089659700539,Bid,0.0,0,0
2021-11-01 13:01:30.837900,1635768087010212526,Bid,0.0,0,0
2021-11-01 13:01:30.837900,1635768089659644812,Bid,59.61,105,0
2021-11-01 13:01:30.837900,1635768089992806541,Ask,0.0,0,0
2021-11-01 13:01:30.837900,1635768090799053570,Ask,59.63,100,0
2021-11-01 13:01:30.837900,1635768087110866238,Bid,0.0,0,0
2021-11-01 13:01:30.837900,1635768090799097939,Ask,59.62,125,0
2021-11-01 13:01:30.837900,1635768089659644812,Bid,0.0,0,0
2021-11-01 13:01:30.837900,1635768086635025998,Bid,59.6,130,0
2021-11-01 13:01:30.837900,1635768090799121041,Ask,59.63,155,0
2021-11-01 13:01:30.837900,1635768090799126060,Ask,59.63,35,0
2021-11-01 13:01:30.837900,1635768089659736696,Ask,0.0,0,0
2021-11-01 13:01:30.837900,1635768090799138077,Ask,59.63,28,0
2021-11-01 13:01:30.837900,1635768086690862963,Bid,0.0,0,0
2021-11-01 13:01:30.837900,1635768090799179963,Ask,59.62,98,0
2021-11-01 13:01:30.837900,1635768090799190670,Ask,59.62,46,0
2021-11-01 13:01:30.837900,1635768086659323773,Bid,0.0,0,0
2021-11-01 13:01:30.837900,1635768090799206872,Bid,58.41,22,0
2021-11-01 13:01:30.837900,1635768087010262904,Bid,0.0,0,0
2021-11-01 13:01:30.837900,1635768090799222845,Bid,58.41,34,0
2021-11-01 13:01:30.837900,1635768087715881146,Bid,0.0,0,0
2021-11-01 13:01:30.837900,1635768073404106337,Bid,0.0,0,0
2021-11-01 13:01:30.837900,1635768090799236171,Bid,58.4,15,0
2021-11-01 13:01:30.837900,1635768086635521806,Bid,0.0,0,0
2021-11-01 13:01:30.837900,1635768087861271568,Bid,0.0,0,0
2021-11-01 13:01:30.837900,1635768090799291368,Ask,59.63,61,0
2021-11-01 13:01:30.837900,1635768090799331390,Ask,59.62,34,0
2021-11-01 13:01:30.837900,1635768089647803723,Bid,0.0,0,0
2021-11-01 13:01:30.837900,1635768090799337792,Bid,59.6,19,0
2021-11-01 13:01:30.837900,1635768090136617382,Ask,0.0,0,0
2021-11-01 13:01:30.837900,1635768087091417906,Ask,0.0,0,0
2021-11-01 13:01:30.837900,1635768090799396358,Bid,59.6,100,0
2021-11-01 13:01:30.837900,1635768087091425682,Ask,0.0,0,0
2021-11-01 13:01:30.837900,1635768086642006466,Ask,0.0,0,0
2021-11-01 13:01:30.837900,1635768090799291368,Ask,0.0,0,0
2021-11-01 13:01:30.837900,1635768090799222845,Bid,0.0,0,0
2021-11-01 13:01:30.837900,1635768090799469485,Bid,59.6,34,0
2021-11-01 13:01:30.837900,1635768087091727295,Ask,0.0,0,0
2021-11-01 13:01:30.837900,1635768090799506924,Ask,60.03,845,0
2021-11-01 13:01:30.837900,1635768087010800201,Bid,0.0,0,0
2021-11-01 13:01:30.837900,1635768086643026353,Bid,0.0,0,0
2021-11-01 13:01:30.837900,1635768087092510967,Ask,0.0,0,0
2021-11-01 13:01:30.837900,1635768090800142792,Ask,59.79,114,0
2021-11-01 13:01:30.837900,1635768087011284745,Bid,0.0,0,0
2021-11-01 13:01:30.837900,1635768090800955703,Ask,59.65,90,0
2021-11-01 13:01:30.837900,1635768090801998108,Ask,59.62,34,0
2021-11-01 13:01:30.837900,1635768087010165418,Bid,0.0,0,0
2021-11-01 13:01:30.837900,1635768090802990665,Ask,59.62,76,0
2021-11-01 13:01:30.837900,1635768090803028366,Bid,59.59,110,0
2021-11-01 13:01:30.837900,1635768090804013074,Bid,59.6,573,0
2021-11-01 13:01:30.837900,1635768090805143448,Ask,59.64,265,0
2021-11-01 13:01:30.837900,1635768088369960557,Ask,0.0,0,0
2021-11-01 13:01:30.837900,1635768090821368337,Bid,59.6,100,0
2021-11-01 13:01:30.837900,1635768090799337792,Bid,0.0,0,0
2021-11-01 13:01:30.837900,1635768090821444222,Bid,58.38,19,0
2021-11-01 13:01:30.837900,1635768090799469485,Bid,0.0,0,0
2021-11-01 13:01:30.837900,1635768090821458926,Bid,58.41,34,0
2021-11-01 13:01:30.878600,1635768090821458926,Bid,0.0,0,0
2021-11-01 13:01:30.878600,1635768090847256351,Bid,59.6,34,0
2021-11-01 13:01:30.878600,1635768090847281214,Bid,59.58,209,0
2021-11-01 13:01:30.878600,1635768090799206872,Bid,0.0,0,0
2021-11-01 13:01:30.878600,1635768090847327454,Bid,59.6,22,0
2021-11-01 13:01:30.878600,1635768090847891630,Bid,59.58,218,0
2021-11-01 13:01:30.910200,1635768090890887629,Ask,59.64,101,0
2021-11-01 13:01:30.915700,1635768090900283528,Bid,59.19,84,0
2021-11-01 13:01:30.986600,1635768090935233945,Bid,59.6,155,0
2021-11-01 13:01:30.986600,1635768090935282732,Ask,59.62,35,0
2021-11-01 13:01:30.986600,1635768090799126060,Ask,0.0,0,0
2021-11-01 13:01:31.238300,1635768091227191355,Bid,59.61,4,0
2021-11-01 13:01:31.238300,1635768091227277779,Bid,59.61,100,0
2021-11-01 13:01:31.258500,1635768091227277779,Bid,0.0,0,0
2021-11-01 13:01:31.302000,1635768091261900036,Ask,59.65,82,0
2021-11-01 13:01:31.302000,1635768087091459666,Bid,0.0,0,0
2021-11-01 13:01:31.338200,1635768091310896726,Bid,59.59,101,0
2021-11-01 13:01:31.508300,1635768039278460402,Bid,0.0,0,0
2021-11-01 13:01:31.508300,1635768091497636661,Bid,59.6,16,0
2021-11-01 13:01:31.942700,1635768090935282732,Ask,0.0,0,0
2021-11-01 13:01:32.825500,1635768092812953584,Bid,59.59,84,0
2021-11-01 13:01:32.825500,1635768092814738208,Bid,59.49,104,0
2021-11-01 13:01:33.005300,1635768092812953584,Bid,0.0,0,0
2021-11-01 13:01:34.813500,1635768094798042816,Ask,59.65,277,0
2021-11-01 13:01:34.827100,1635768094807814169,Bid,59.56,96,0
2021-11-01 13:01:35.569000,1635768095555756220,Ask,59.62,474,0
2021-11-01 13:01:35.569000,1635768090821368337,Bid,0.0,0,0
2021-11-01 13:01:35.569000,1635768095555819281,Ask,59.62,35,0
2021-11-01 13:01:35.569000,1635768095555853741,Ask,59.62,29,0
2021-11-01 13:01:35.569000,1635768095555875121,Ask,59.62,100,0
2021-11-01 13:01:35.569000,1635768089659199869,Bid,0.0,0,0
2021-11-01 13:01:35.569000,1635768090935233945,Bid,0.0,0,0
2021-11-01 13:01:35.569000,1635768095556793389,Bid,59.29,167,0
2021-11-01 13:01:35.569000,1635768095556817354,Ask,59.62,155,0
2021-11-01 13:01:35.569000,1635768087092331594,Bid,0.0,0,0
2021-11-01 13:01:35.569000,1635768095556898674,Ask,59.62,25,0
2021-11-01 13:01:35.569000,1635768095556907318,Ask,59.62,100,0
2021-11-01 13:01:35.569000,1635768090800142792,Ask,0.0,0,0
2021-11-01 13:01:35.569000,1635768095557763895,Ask,59.78,114,0
2021-11-01 13:01:35.569000,1635768091227191355,Bid,0.0,0,0
2021-11-01 13:01:35.569000,1635768086635025998,Bid,59.6,130,0
2021-11-01 13:01:35.569000,1635768095555819281,Ask,0.0,0,0
2021-11-01 13:01:35.569000,1635768095558001118,Ask,59.64,90,0
2021-11-01 13:01:35.569000,1635768095558016412,Bid,59.6,35,0
2021-11-01 13:01:35.569000,1635768090847327454,Bid,0.0,0,0
2021-11-01 13:01:35.569000,1635768095558022000,Bid,58.41,22,0
2021-11-01 13:01:35.569000,1635768090847256351,Bid,0.0,0,0
2021-11-01 13:01:35.569000,1635768095558045796,Bid,58.41,34,0
2021-11-01 13:01:35.569000,1635768091310896726,Bid,0.0,0,0
2021-11-01 13:01:35.569000,1635768087010957875,Ask,0.0,0,0
2021-11-01 13:01:35.569000,1635768095558157724,Ask,59.77,271,0
2021-11-01 13:01:35.569000,1635768090799053570,Ask,0.0,0,0
2021-11-01 13:01:35.569000,1635768092814738208,Bid,0.0,0,0
2021-11-01 13:01:35.569000,1635768090804013074,Bid,0.0,0,0
2021-11-01 13:01:35.608200,1635768095558016412,Bid,0.0,0,0
2021-11-01 13:01:35.608200,1635768090799396358,Bid,0.0,0,0
2021-11-01 13:01:35.821000,1635768095803726141,Ask,59.67,266,0
2021-11-01 13:01:35.821000,1635768095804717386,Ask,59.62,35,0
2021-11-01 13:01:35.890800,1635768089874780390,Bid,0.0,0,0
2021-11-01 13:01:35.890800,1635768095876285177,Bid,59.58,91,0
2021-11-01 13:01:35.995200,1635768095980893523,Ask,59.65,84,0
2021-11-01 13:01:36.013100,1635768086735647776,Ask,0.0,0,0
2021-11-01 13:01:36.751600,1635768086705987093,Ask,0.0,0,0
2021-11-01 13:01:36.870000,1635768096825987260,Ask,59.72,400,0
2021-11-01 13:01:37.363600,1635768090798908820,Ask,0.0,0,0
2021-11-01 13:01:37.363600,1635768095555756220,Ask,0.0,0,0
2021-11-01 13:01:37.363600,1635768095556898674,Ask,0.0,0,0
2021-11-01 13:01:37.363600,1635768097353863281,Ask,60.81,25,0
2021-11-01 13:01:37.363600,1635768095555853741,Ask,0.0,0,0
2021-11-01 13:01:37.363600,1635768097353949175,Ask,60.81,29,0
2021-11-01 13:01:37.363600,1635768086635068883,Bid,0.0,0,0
2021-11-01 13:01:37.363600,1635768097353966320,Bid,58.4,25,0
2021-11-01 13:01:37.363600,1635768095558001118,Ask,0.0,0,0
2021-11-01 13:01:37.487800,1635768095980893523,Ask,0.0,0,0
2021-11-01 13:01:37.591500,1635768097579977794,Ask,60.05,84,0
2021-11-01 13:01:37.628300,1635768097614723486,Bid,59.48,104,0
2021-11-01 13:01:37.753400,1635768090713759685,Bid,0.0,0,0
2021-11-01 13:01:37.753400,1635768097741702647,Bid,59.56,169,0
2021-11-01 13:01:37.753400,1635768097741702647,Bid,0.0,0,0
2021-11-01 13:01:37.753400,1635768097743177803,Bid,59.56,174,0
2021-11-01 13:01:39.892000,1635768090799097939,Ask,0.0,0,0
2021-11-01 13:01:39.892000,1635768090799179963,Ask,59.62,98,0
2021-11-01 13:01:39.892000,1635768090799179963,Ask,0.0,0,0
2021-11-01 13:01:39.892000,1635768090799190670,Ask,59.62,46,0
2021-11-01 13:01:39.892000,1635768090799190670,Ask,0.0,0,0
2021-11-01 13:01:39.892000,1635768090799331390,Ask,59.62,34,0
2021-11-01 13:01:39.892000,1635768090799331390,Ask,0.0,0,0
2021-11-01 13:01:39.892000,1635768090801998108,Ask,59.62,34,0
2021-11-01 13:01:39.898500,1635768090801998108,Ask,0.0,0,0
2021-11-01 13:01:39.898500,1635768090802990665,Ask,59.62,76,0
2021-11-01 13:01:39.898500,1635768090802990665,Ask,59.62,1,0
2021-11-01 13:01:39.898500,1635768099879736546,Bid,59.61,34,0
2021-11-01 13:01:39.898500,1635768090802990665,Ask,0.0,0,0
2021-11-01 13:01:39.898500,1635768095555875121,Ask,59.62,100,0
2021-11-01 13:01:39.898500,1635768099879766131,Bid,59.6,155,0
2021-11-01 13:01:39.933500,1635768095556817354,Ask,0.0,0,0
2021-11-01 13:01:39.933500,1635768099879777613,Ask,59.62,33,0
2021-11-01 13:01:39.933500,1635768099879793642,Bid,59.6,116,0
2021-11-01 13:01:39.933500,1635768086635025998,Bid,0.0,0,0
2021-11-01 13:01:39.933500,1635768099879809682,Bid,59.6,35,0
2021-11-01 13:01:39.933500,1635768095555875121,Ask,0.0,0,0
2021-11-01 13:01:39.933500,1635768095556907318,Ask,59.62,100,0
2021-11-01 13:01:39.933500,1635768099879828742,Bid,59.6,100,0
2021-11-01 13:01:39.933500,1635768095556907318,Ask,0.0,0,0
2021-11-01 13:01:39.933500,1635768095804717386,Ask,59.62,35,0
2021-11-01 13:01:39.933500,1635768099879809682,Bid,0.0,0,0
2021-11-01 13:01:39.933500,1635768099879872007,Ask,59.62,125,0
2021-11-01 13:01:39.933500,1635768099879943369,Ask,59.62,69,0
2021-11-01 13:01:39.933500,1635768099879828742,Bid,0.0,0,0
2021-11-01 13:01:39.933500,1635768060919321788,Bid,0.0,0,0
2021-11-01 13:01:39.933500,1635768099879736546,Bid,0.0,0,0
2021-11-01 13:01:39.933500,1635768086659112646,Bid,59.6,96,0
2021-11-01 13:01:39.933500,1635768099881001912,Ask,59.62,55,0
2021-11-01 13:01:39.933500,1635768095804717386,Ask,0.0,0,0
2021-11-01 13:01:39.933500,1635768099879777613,Ask,59.62,33,0
2021-11-01 13:01:39.933500,1635768099881012329,Ask,59.62,46,0
2021-11-01 13:01:39.933500,1635768099879766131,Bid,0.0,0,0
2021-11-01 13:01:39.933500,1635768099881096693,Ask,59.62,61,0
2021-11-01 13:01:39.933500,1635768099881012329,Ask,0.0,0,0
2021-11-01 13:01:39.933500,1635768099883327006,Ask,59.62,155,0
2021-11-01 13:01:39.933500,1635768099883377993,Ask,59.62,100,0
2021-11-01 13:01:39.933500,1635768099885394826,Ask,59.62,34,0
2021-11-01 13:01:39.933500,1635768086659112646,Bid,0.0,0,0
2021-11-01 13:01:39.933500,1635768086738929711,Bid,59.6,7,0
2021-11-01 13:01:39.933500,1635768099879793642,Bid,0.0,0,0
2021-11-01 13:01:39.933500,1635768099890660316,Ask,59.62,61,0
2021-11-01 13:01:39.933500,1635768099890686537,Ask,59.61,125,0
2021-11-01 13:01:39.933500,1635768097353949175,Ask,0.0,0,0
2021-11-01 13:01:39.933500,1635768099890723807,Ask,59.62,29,0
2021-11-01 13:01:39.933500,1635768099890766616,Ask,59.64,90,0
2021-11-01 13:01:39.933500,1635768090799506924,Ask,0.0,0,0
2021-11-01 13:01:39.933500,1635768099891040440,Ask,60.02,845,0
2021-11-01 13:01:39.933500,1635768099891129005,Bid,59.6,116,0
2021-11-01 13:01:39.933500,1635768099890660316,Ask,0.0,0,0
2021-11-01 13:01:39.933500,1635768099890686537,Ask,0.0,0,0
2021-11-01 13:01:39.933500,1635768099879777613,Ask,59.62,33,0
2021-11-01 13:01:39.933500,1635768099883327006,Ask,0.0,0,0
2021-11-01 13:01:39.933500,1635768099891631573,Bid,59.61,140,0
2021-11-01 13:01:39.933500,1635768099890766616,Ask,0.0,0,0
2021-11-01 13:01:39.933500,1635768099891679164,Bid,59.6,155,0
2021-11-01 13:01:39.933500,1635768099891631573,Bid,0.0,0,0
2021-11-01 13:01:39.933500,1635768086738929711,Bid,59.6,7,0
2021-11-01 13:01:39.933500,1635768099891679164,Bid,0.0,0,0
2021-11-01 13:01:39.933500,1635768099893361421,Ask,59.62,155,0
2021-11-01 13:01:39.933500,1635768099900162048,Ask,59.62,100,0
2021-11-01 13:01:39.933500,1635768099900781477,Ask,59.61,125,0
2021-11-01 13:01:39.933500,1635768099914105620,Bid,59.6,96,0
2021-11-01 13:01:39.975600,1635768099920971595,Ask,59.63,101,0
2021-11-01 13:01:39.975600,1635768099956651077,Ask,59.64,76,0
2021-11-01 13:01:39.975600,1635768099959316914,Bid,59.41,400,0
2021-11-01 13:01:40.239800,1635768100196255965,Ask,59.61,98,0
2021-11-01 13:01:40.239800,1635768099879943369,Ask,0.0,0,0
2021-11-01 13:01:40.974700,1635768087758663229,Ask,0.0,0,0
2021-11-01 13:01:40.974700,1635768100957927294,Ask,59.61,33,0
2021-11-01 13:01:40.974700,1635768099879777613,Ask,0.0,0,0
2021-11-01 13:01:40.974700,1635768100957927294,Ask,0.0,0,0
2021-11-01 13:01:41.093900,1635768101049803024,Ask,59.63,220,0
2021-11-01 13:01:41.356800,1635768101346462526,Ask,59.61,33,0
2021-11-01 13:01:41.939500,1635768101346462526,Ask,0.0,0,0
2021-11-01 13:01:42.055700,1635768102024506014,Ask,59.61,33,0
2021-11-01 13:01:42.219100,1635768099891129005,Bid,0.0,0,0
2021-11-01 13:01:42.236700,1635768102221636126,Ask,59.65,84,0
2021-11-01 13:01:42.236700,1635768102224151540,Ask,59.63,281,0
2021-11-01 13:01:42.243500,1635768097579977794,Ask,0.0,0,0
2021-11-01 13:01:42.406800,1635768102024506014,Ask,0.0,0,0
2021-11-01 13:01:44.293700,1635768104283546482,Ask,59.61,33,0
2021-11-01 13:01:44.293700,1635768104284697679,Ask,59.61,35,0
2021-11-01 13:01:44.561300,1635768104528282027,Ask,59.61,342,0
2021-11-01 13:01:44.561300,1635768086738929711,Bid,0.0,0,0
2021-11-01 13:01:44.561300,1635768087874165358,Bid,59.6,137,0
2021-11-01 13:01:44.561300,1635768087874165358,Bid,0.0,0,0
2021-11-01 13:01:44.561300,1635768091497636661,Bid,59.6,16,0
2021-11-01 13:01:44.561300,1635768091497636661,Bid,0.0,0,0
2021-11-01 13:01:44.561300,1635768099914105620,Bid,59.6,96,0
2021-11-01 13:01:44.561300,1635768099914105620,Bid,0.0,0,0
2021-11-01 13:01:44.561300,1635768058225807645,Bid,59.59,110,0
2021-11-01 13:01:44.561300,1635768086795864647,Bid,0.0,0,0
2021-11-01 13:01:44.561300,1635768086635457729,Bid,0.0,0,0
2021-11-01 13:01:44.561300,1635768104528493013,Ask,59.61,155,0
2021-11-01 13:01:44.561300,1635768090803028366,Bid,0.0,0,0
2021-11-01 13:01:44.561300,1635768086652848116,Bid,0.0,0,0
2021-11-01 13:01:44.561300,1635768104528518893,Ask,59.61,100,0
2021-11-01 13:01:44.561300,1635768104528532783,Bid,59.58,116,0
2021-11-01 13:01:44.561300,1635768090847281214,Bid,0.0,0,0
2021-11-01 13:01:44.561300,1635768058224864280,Bid,0.0,0,0
2021-11-01 13:01:44.561300,1635768104528551428,Bid,58.39,30,0
2021-11-01 13:01:44.561300,1635768104528587824,Ask,59.61,116,0
2021-11-01 13:01:44.561300,1635768086635045458,Bid,0.0,0,0
2021-11-01 13:01:44.561300,1635768090847891630,Bid,0.0,0,0
2021-11-01 13:01:44.561300,1635768097353863281,Ask,0.0,0,0
2021-11-01 13:01:44.561300,1635768104528608957,Ask,59.61,25,0
2021-11-01 13:01:44.561300,1635768104528665484,Ask,59.64,90,0
2021-11-01 13:01:44.561300,1635768104528674545,Ask,59.61,100,0
2021-11-01 13:01:44.561300,1635768074163580513,Bid,0.0,0,0
2021-11-01 13:01:44.561300,1635768104528920829,Ask,59.61,20,0
2021-11-01 13:01:44.561300,1635768104528990656,Bid,59.6,2,0
2021-11-01 13:01:44.561300,1635768104529004628,Bid,59.6,2,0
2021-11-01 13:01:44.561300,1635768097614723486,Bid,0.0,0,0
2021-11-01 13:01:44.561300,1635768104528674545,Ask,0.0,0,0
2021-11-01 13:01:44.561300,1635768089660130741,Bid,0.0,0,0
2021-11-01 13:01:44.561300,1635768104529890897,Bid,59.43,271,0
2021-11-01 13:01:44.561300,1635768099900162048,Ask,0.0,0,0
2021-11-01 13:01:44.568500,1635768104541018359,Bid,59.58,101,0
2021-11-01 13:01:44.601900,1635768104551951988,Bid,59.58,233,0
2021-11-01 13:01:44.601900,1635768104552561690,Bid,59.6,96,0
2021-11-01 13:01:44.601900,1635768104552603974,Bid,59.59,116,0
2021-11-01 13:01:44.601900,1635768104528518893,Ask,0.0,0,0
2021-11-01 13:01:44.601900,1635768104528990656,Bid,0.0,0,0
2021-11-01 13:01:44.601900,1635768104529004628,Bid,59.6,2,0
2021-11-01 13:01:44.601900,1635768104529004628,Bid,0.0,0,0
2021-11-01 13:01:44.601900,1635768104552561690,Bid,59.6,96,0
2021-11-01 13:01:44.601900,1635768104552561690,Bid,0.0,0,0
2021-11-01 13:01:44.601900,1635768058225807645,Bid,59.59,110,0
2021-11-01 13:01:44.601900,1635768104541018359,Bid,0.0,0,0
2021-11-01 13:01:44.601900,1635768104553517822,Ask,59.61,100,0
2021-11-01 13:01:44.601900,1635768104553922168,Bid,59.6,2,0
2021-11-01 13:01:44.601900,1635768104553517822,Ask,0.0,0,0
2021-11-01 13:01:44.601900,1635768104577073311,Bid,59.58,138,0
2021-11-01 13:01:44.601900,1635768104528493013,Ask,0.0,0,0
2021-11-01 13:01:44.631500,1635768104610629109,Ask,59.61,100,0
2021-11-01 13:01:44.631500,1635768104610774722,Ask,59.61,155,0
2021-11-01 13:01:44.660200,1635768104646019080,Bid,59.58,101,0
2021-11-01 13:01:44.685700,1635768104666417122,Bid,59.6,96,0
2021-11-01 13:01:44.685700,1635768104610774722,Ask,0.0,0,0
2021-11-01 13:01:44.685700,1635768104610629109,Ask,0.0,0,0
2021-11-01 13:01:44.691300,1635768104553922168,Bid,0.0,0,0
2021-11-01 13:01:44.691300,1635768104666417122,Bid,59.6,96,0
2021-11-01 13:01:44.691300,1635768104666417122,Bid,0.0,0,0
2021-11-01 13:01:44.691300,1635768058225807645,Bid,59.59,110,0
2021-11-01 13:01:44.691300,1635768104646019080,Bid,0.0,0,0
2021-11-01 13:01:44.691300,1635768104679670513,Ask,59.61,155,0
2021-11-01 13:01:44.691300,1635768104551951988,Bid,0.0,0,0
2021-11-01 13:01:44.691300,1635768104577073311,Bid,0.0,0,0
2021-11-01 13:01:44.691300,1635768104679721196,Ask,59.61,100,0
2021-11-01 13:01:44.691300,1635768104528608957,Ask,0.0,0,0
2021-11-01 13:01:44.691300,1635768104679737389,Ask,60.8,25,0
2021-11-01 13:01:44.691300,1635768104552603974,Bid,0.0,0,0
2021-11-01 13:01:44.691300,1635768104528920829,Ask,0.0,0,0
2021-11-01 13:01:44.691300,1635768104679832384,Ask,60.8,20,0
2021-11-01 13:01:44.691300,1635768104679881686,Ask,59.63,90,0
2021-11-01 13:01:44.691300,1635768104679737389,Ask,0.0,0,0
2021-11-01 13:01:44.691300,1635768104679930458,Ask,59.61,25,0
2021-11-01 13:01:44.691300,1635768104680086903,Bid,59.6,4,0
2021-11-01 13:01:44.691300,1635768104679881686,Ask,0.0,0,0
2021-11-01 13:01:44.691300,1635768104679832384,Ask,0.0,0,0
2021-11-01 13:01:44.691300,1635768104680169743,Ask,59.61,20,0
2021-11-01 13:01:44.708200,1635768104690288084,Ask,59.61,100,0
2021-11-01 13:01:44.716300,1635768104696451964,Bid,59.54,440,0
2021-11-01 13:01:44.763000,1635768104751019861,Bid,59.58,101,0
2021-11-01 13:01:44.942900,1635768104528551428,Bid,0.0,0,0
2021-11-01 13:01:44.963500,1635768104952908061,Bid,59.6,96,0
2021-11-01 13:01:44.963500,1635768104679670513,Ask,0.0,0,0
2021-11-01 13:01:44.963500,1635768104680086903,Bid,0.0,0,0
2021-11-01 13:01:44.963500,1635768104952908061,Bid,59.6,96,0
2021-11-01 13:01:44.963500,1635768104952908061,Bid,0.0,0,0
2021-11-01 13:01:44.963500,1635768058225807645,Bid,59.59,110,0
2021-11-01 13:01:44.963500,1635768104952981598,Bid,59.59,116,0
2021-11-01 13:01:44.963500,1635768104679721196,Ask,0.0,0,0
2021-11-01 13:01:44.963500,1635768104953050949,Ask,59.6,100,0
2021-11-01 13:01:44.963500,1635768104751019861,Bid,0.0,0,0
2021-11-01 13:01:44.963500,1635768104953082329,Ask,59.61,100,0
2021-11-01 13:01:44.963500,1635768104680169743,Ask,0.0,0,0
2021-11-01 13:01:44.963500,1635768104953093277,Ask,60.8,20,0
2021-11-01 13:01:44.963500,1635768104953137622,Ask,59.63,90,0
2021-11-01 13:01:44.963500,1635768099891040440,Ask,0.0,0,0
2021-11-01 13:01:44.963500,1635768104953482646,Ask,60.01,845,0
2021-11-01 13:01:44.963500,1635768088714708203,Ask,0.0,0,0
2021-11-01 13:01:44.963500,1635768104953632870,Ask,59.72,104,0
2021-11-01 13:01:44.963500,1635768087010231779,Ask,0.0,0,0
2021-11-01 13:01:44.963500,1635768104953826869,Ask,59.91,167,0
2021-11-01 13:01:44.963500,1635768104954008259,Ask,59.61,155,0
2021-11-01 13:01:44.963500,1635768104954254277,Ask,59.62,268,0
2021-11-01 13:01:44.963500,1635768095557763895,Ask,0.0,0,0
2021-11-01 13:01:44.963500,1635768104954324417,Ask,59.77,114,0
2021-11-01 13:01:44.963500,1635768095558157724,Ask,0.0,0,0
2021-11-01 13:01:44.963500,1635768104954703114,Ask,59.76,271,0
2021-11-01 13:01:45.001600,1635768104961019459,Ask,59.62,101,0
2021-11-01 13:01:45.001600,1635768104953050949,Ask,0.0,0,0
2021-11-01 13:01:45.001600,1635768099900781477,Ask,59.61,125,0
2021-11-01 13:01:45.001600,1635768104961019459,Ask,0.0,0,0
2021-11-01 13:01:45.001600,1635768104953093277,Ask,0.0,0,0
2021-11-01 13:01:45.001600,1635768104983450963,Ask,59.61,20,0
2021-11-01 13:01:45.001600,1635768104952981598,Bid,0.0,0,0
2021-11-01 13:01:45.001600,1635768104953632870,Ask,0.0,0,0
2021-11-01 13:01:45.188000,1635768105153079347,Bid,59.59,96,0
2021-11-01 13:01:45.413900,1635768104953137622,Ask,0.0,0,0
2021-11-01 13:01:45.615100,1635768105581632340,Bid,59.57,232,0
2021-11-01 13:01:45.615100,1635768105586607606,Bid,59.57,179,0
2021-11-01 13:01:46.626800,1635768106614333756,Bid,59.47,104,0
2021-11-01 13:01:47.070400,1635768107029779643,Ask,59.73,104,0
2021-11-01 13:01:47.070400,1635768068279322343,Ask,0.0,0,0
2021-11-01 13:01:47.311200,1635768107285983567,Ask,59.81,400,0
2021-11-01 13:01:47.380200,1635768104528282027,Ask,0.0,0,0
2021-11-01 13:01:47.380200,1635768104679930458,Ask,0.0,0,0
2021-11-01 13:01:47.380200,1635768107365954260,Ask,60.8,25,0
2021-11-01 13:01:47.992100,1635768104690288084,Ask,0.0,0,0
2021-11-01 13:01:47.992100,1635768107983654257,Bid,59.59,100,0
2021-11-01 13:01:47.992100,1635768104983450963,Ask,0.0,0,0
2021-11-01 13:01:47.992100,1635768107983733762,Ask,60.8,20,0
2021-11-01 13:01:48.551400,1635768108534016464,Bid,59.55,99,0
2021-11-01 13:01:50.463000,1635768110446646300,Bid,59.57,127,0
2021-11-01 13:01:50.463000,1635768086819323979,Bid,0.0,0,0
2021-11-01 13:01:50.513700,1635768110499317160,Bid,59.49,400,0
2021-11-01 13:01:50.660000,1635767916615632846,Bid,0.0,0,0
2021-11-01 13:01:51.500800,1635768111490355083,Bid,59.58,70,0
2021-11-01 13:01:51.821900,1635768111803110988,Bid,59.59,41,0
2021-11-01 13:01:51.821900,1635768111803189361,Bid,59.59,62,0
2021-11-01 13:01:51.821900,1635768104283546482,Ask,0.0,0,0
2021-11-01 13:01:51.821900,1635768111804092227,Bid,59.59,35,0
2021-11-01 13:01:51.821900,1635768100196255965,Ask,0.0,0,0
2021-11-01 13:01:51.821900,1635768104954008259,Ask,0.0,0,0
2021-11-01 13:01:51.821900,1635768104284697679,Ask,0.0,0,0
2021-11-01 13:01:51.821900,1635768111804487969,Bid,59.59,125,0
2021-11-01 13:01:51.821900,1635768104953082329,Ask,0.0,0,0
2021-11-01 13:01:51.821900,1635768111804534882,Bid,59.6,125,0
2021-11-01 13:01:51.821900,1635768104528587824,Ask,0.0,0,0
2021-11-01 13:01:51.821900,1635768099900781477,Ask,0.0,0,0
2021-11-01 13:01:51.821900,1635768099879872007,Ask,59.62,125,0
2021-11-01 13:01:51.821900,1635768095558022000,Bid,0.0,0,0
2021-11-01 13:01:51.821900,1635768111804575625,Bid,59.59,22,0
2021-11-01 13:01:51.821900,1635768095558045796,Bid,0.0,0,0
2021-11-01 13:01:51.821900,1635768111804584895,Bid,59.59,34,0
2021-11-01 13:01:51.821900,1635768111804591405,Bid,59.59,155,0
2021-11-01 13:01:51.821900,1635768111804092227,Bid,0.0,0,0
2021-11-01 13:01:51.821900,1635768099920971595,Ask,0.0,0,0
2021-11-01 13:01:51.821900,1635768111804634155,Ask,59.62,100,0
2021-11-01 13:01:51.821900,1635768099890723807,Ask,0.0,0,0
2021-11-01 13:01:51.821900,1635768111804643462,Ask,60.81,29,0
2021-11-01 13:01:51.821900,1635768111804705968,Ask,59.62,98,0
2021-11-01 13:01:51.821900,1635768111804712524,Ask,59.62,33,0
2021-11-01 13:01:51.821900,1635768104954254277,Ask,0.0,0,0
2021-11-01 13:01:51.821900,1635768107983733762,Ask,0.0,0,0
2021-11-01 13:01:51.821900,1635768111805049417,Ask,59.62,20,0
2021-11-01 13:01:51.821900,1635768107029779643,Ask,0.0,0,0
2021-11-01 13:01:51.821900,1635768104529890897,Bid,0.0,0,0
2021-11-01 13:01:51.821900,1635768111806439934,Bid,59.44,271,0
2021-11-01 13:01:51.828100,1635768111813298799,Bid,59.59,75,0
2021-11-01 13:01:51.828100,1635768111813924149,Bid,59.59,99,0
2021-11-01 13:01:51.873200,1635768102221636126,Ask,0.0,0,0
2021-11-01 13:01:51.873200,1635768104953826869,Ask,0.0,0,0
2021-11-01 13:01:51.873200,1635768111832420419,Ask,59.94,167,0
2021-11-01 13:01:51.873200,1635768104528665484,Ask,0.0,0,0
2021-11-01 13:01:51.873200,1635768099956651077,Ask,0.0,0,0
2021-11-01 13:01:51.911500,1635768108534016464,Bid,0.0,0,0
2021-11-01 13:01:51.911500,1635768111891098895,Bid,59.58,101,0
2021-11-01 13:01:51.930400,1635768111920651344,Ask,60.05,84,0
2021-11-01 13:01:52.088200,1635768112076030215,Bid,59.59,317,0
2021-11-01 13:01:52.088200,1635768112076101467,Ask,59.62,35,0
2021-11-01 13:01:53.365300,1635768111804705968,Ask,0.0,0,0
2021-11-01 13:01:53.365300,1635768111804634155,Ask,0.0,0,0
2021-11-01 13:01:53.365300,1635768113344655761,Bid,59.6,116,0
2021-11-01 13:01:53.365300,1635768113344727916,Ask,59.62,98,0
2021-11-01 13:01:53.365300,1635768113344793330,Bid,59.6,100,0
2021-11-01 13:01:53.365300,1635768111804712524,Ask,0.0,0,0
2021-11-01 13:01:53.365300,1635768113345193060,Ask,59.62,33,0
2021-11-01 13:01:53.365300,1635768111805049417,Ask,0.0,0,0
2021-11-01 13:01:53.365300,1635768113345898991,Ask,60.82,20,0
2021-11-01 13:01:53.370600,1635768107983654257,Bid,0.0,0,0
2021-11-01 13:01:53.370600,1635768113344793330,Bid,0.0,0,0
2021-11-01 13:01:53.370600,1635768113344655761,Bid,0.0,0,0
2021-11-01 13:01:53.370600,1635768111804643462,Ask,0.0,0,0
2021-11-01 13:01:53.370600,1635768113352378396,Ask,59.62,29,0
2021-11-01 13:01:53.382700,1635768113372486353,Ask,59.62,100,0
2021-11-01 13:01:53.422700,1635768107365954260,Ask,0.0,0,0
2021-11-01 13:01:53.422700,1635768113407191933,Ask,59.62,25,0
2021-11-01 13:01:53.422700,1635768111804575625,Bid,0.0,0,0
2021-11-01 13:01:53.422700,1635768113407263604,Bid,58.37,22,0
2021-11-01 13:01:53.838700,1635768113815131927,Ask,59.74,104,0
2021-11-01 13:01:57.740600,1635768107285983567,Ask,0.0,0,0
2021-11-01 13:01:57.825200,1635768117812651982,Ask,59.82,400,0
2021-11-01 13:01:58.420300,1635768118383351646,Ask,59.62,46,0
2021-11-01 13:01:58.420300,1635768111804534882,Bid,0.0,0,0
2021-11-01 13:01:58.420300,1635768058225807645,Bid,59.59,110,0
2021-11-01 13:01:58.420300,1635768118383591925,Ask,59.6,101,0
2021-11-01 13:01:58.420300,1635768111891098895,Bid,0.0,0,0
2021-11-01 13:01:58.420300,1635768118383699402,Ask,59.65,84,0
2021-11-01 13:01:58.420300,1635768118383714010,Ask,59.61,155,0
2021-11-01 13:01:58.420300,1635768111804591405,Bid,0.0,0,0
2021-11-01 13:01:58.420300,1635768111813298799,Bid,0.0,0,0
2021-11-01 13:01:58.420300,1635768118383757039,Ask,59.61,125,0
2021-11-01 13:01:58.420300,1635768111803110988,Bid,0.0,0,0
2021-11-01 13:01:58.420300,1635768118383777111,Ask,59.61,100,0
2021-11-01 13:01:58.420300,1635768118383794571,Ask,59.61,116,0
2021-11-01 13:01:58.420300,1635768111804487969,Bid,0.0,0,0
2021-11-01 13:01:58.420300,1635768113345193060,Ask,0.0,0,0
2021-11-01 13:01:58.420300,1635768118383351646,Ask,0.0,0,0
2021-11-01 13:01:58.420300,1635768118383777111,Ask,0.0,0,0
2021-11-01 13:01:58.420300,1635768067257045035,Bid,0.0,0,0
2021-11-01 13:01:58.420300,1635768113344727916,Ask,0.0,0,0
2021-11-01 13:01:58.420300,1635768118383591925,Ask,0.0,0,0
2021-11-01 13:01:58.420300,1635768118383714010,Ask,59.61,155,0
2021-11-01 13:01:58.436400,1635768111803189361,Bid,0.0,0,0
2021-11-01 13:01:58.436400,1635768118384538707,Ask,59.61,48,0
2021-11-01 13:01:58.436400,1635768118384562423,Ask,59.61,33,0
2021-11-01 13:01:58.436400,1635768118384577708,Bid,59.59,100,0
2021-11-01 13:01:58.446100,1635768111804584895,Bid,0.0,0,0
2021-11-01 13:01:58.446100,1635768118385575373,Bid,58.39,34,0
2021-11-01 13:01:58.446100,1635768097353966320,Bid,0.0,0,0
2021-11-01 13:01:58.446100,1635768118385723297,Bid,59.59,25,0
2021-11-01 13:01:58.446100,1635768118386452977,Bid,59.59,100,0
2021-11-01 13:01:58.446100,1635768089659716308,Bid,0.0,0,0
2021-11-01 13:01:58.446100,1635768118386496201,Bid,59.42,114,0
2021-11-01 13:01:58.446100,1635768118384577708,Bid,0.0,0,0
2021-11-01 13:01:58.446100,1635768118386998944,Ask,59.64,90,0
2021-11-01 13:01:58.446100,1635768118384562423,Ask,0.0,0,0
2021-11-01 13:01:58.446100,1635768118387258186,Bid,59.59,35,0
2021-11-01 13:01:58.446100,1635768118387301294,Bid,59.57,84,0
2021-11-01 13:01:58.449000,1635768118384538707,Ask,0.0,0,0
2021-11-01 13:01:58.452100,1635768111832420419,Ask,0.0,0,0
2021-11-01 13:01:58.452100,1635768111813924149,Bid,0.0,0,0
2021-11-01 13:01:58.452100,1635768118395307512,Ask,59.92,167,0
2021-11-01 13:01:58.453900,1635768118401160335,Ask,59.63,101,0
2021-11-01 13:01:58.455400,1635768118414758037,Ask,59.64,85,0
2021-11-01 13:01:58.455400,1635768118434693140,Ask,59.61,48,0
2021-11-01 13:01:58.455400,1635768118434703497,Ask,59.61,47,0
2021-11-01 13:01:58.455400,1635768118386452977,Bid,0.0,0,0
2021-11-01 13:01:58.455400,1635768118385723297,Bid,0.0,0,0
2021-11-01 13:01:58.455400,1635768118434776459,Bid,58.4,25,0
2021-11-01 13:01:58.455400,1635768118434804542,Ask,59.61,35,0
2021-11-01 13:01:58.455400,1635768112076101467,Ask,0.0,0,0
2021-11-01 13:01:58.455400,1635768118434852210,Ask,59.61,100,0
2021-11-01 13:01:58.509000,1635768118484211339,Ask,59.61,100,0
2021-11-01 13:01:58.509000,1635768113372486353,Ask,0.0,0,0
2021-11-01 13:01:58.652700,1635768111920651344,Ask,0.0,0,0
2021-11-01 13:01:58.965400,1635768118484211339,Ask,0.0,0,0
2021-11-01 13:01:58.965400,1635768118936162245,Bid,59.59,100,0
2021-11-01 13:01:59.142100,1635768119106995006,Ask,59.61,49,0
2021-11-01 13:02:00.015600,1635768119997822730,Bid,59.59,143,0
2021-11-01 13:02:00.091300,1635768118434703497,Ask,0.0,0,0
2021-11-01 13:02:00.359900,1635768119106995006,Ask,0.0,0,0
2021-11-01 13:02:00.359900,1635768118434693140,Ask,0.0,0,0
2021-11-01 13:02:00.359900,1635768120346283712,Bid,59.59,116,0
2021-11-01 13:02:00.359900,1635768118383714010,Ask,0.0,0,0
2021-11-01 13:02:00.359900,1635768118383757039,Ask,59.61,125,0
2021-11-01 13:02:00.359900,1635768118434852210,Ask,0.0,0,0
2021-11-01 13:02:00.359900,1635768118434804542,Ask,0.0,0,0
2021-11-01 13:02:00.359900,1635768120346353903,Bid,59.6,125,0
2021-11-01 13:02:00.359900,1635768120346376085,Bid,59.59,155,0
2021-11-01 13:02:00.359900,1635768118383757039,Ask,0.0,0,0
2021-11-01 13:02:00.359900,1635768118383794571,Ask,59.61,116,0
2021-11-01 13:02:00.359900,1635768118383794571,Ask,0.0,0,0
2021-11-01 13:02:00.359900,1635768099879872007,Ask,59.62,125,0
2021-11-01 13:02:00.359900,1635768118434776459,Bid,0.0,0,0
2021-11-01 13:02:00.359900,1635768120346419825,Bid,59.59,25,0
2021-11-01 13:02:00.359900,1635768118387258186,Bid,0.0,0,0
2021-11-01 13:02:00.359900,1635768120346555026,Ask,59.62,100,0
2021-11-01 13:02:00.359900,1635768120346638296,Ask,59.62,98,0
2021-11-01 13:02:00.359900,1635768120346649303,Ask,59.62,48,0
2021-11-01 13:02:00.359900,1635768120346353903,Bid,0.0,0,0
2021-11-01 13:02:00.359900,1635768058225807645,Bid,59.59,110,0
2021-11-01 13:02:00.359900,1635768113407191933,Ask,0.0,0,0
2021-11-01 13:02:00.359900,1635768120346979477,Ask,60.81,25,0
2021-11-01 13:02:00.359900,1635768113352378396,Ask,0.0,0,0
2021-11-01 13:02:00.359900,1635768120347230346,Ask,60.81,29,0
2021-11-01 13:02:00.359900,1635768120347230346,Ask,0.0,0,0
2021-11-01 13:02:00.359900,1635768120347451815,Ask,59.62,29,0
2021-11-01 13:02:00.429300,1635768118414758037,Ask,0.0,0,0
2021-11-01 13:02:00.429300,1635768120396181939,Bid,59.58,101,0
2021-11-01 13:02:00.468300,1635768099959316914,Bid,0.0,0,0
2021-11-01 13:02:00.468300,1635768120447275515,Bid,59.59,35,0
2021-11-01 13:02:00.468300,1635768120447329052,Bid,59.59,100,0
2021-11-01 13:02:00.468300,1635768120346419825,Bid,0.0,0,0
2021-11-01 13:02:00.468300,1635768120447417016,Bid,58.4,25,0
2021-11-01 13:02:00.468300,1635768120447446628,Bid,59.59,61,0
2021-11-01 13:02:00.468300,1635768120447494457,Bid,59.6,125,0
2021-11-01 13:02:00.468300,1635768120346979477,Ask,0.0,0,0
2021-11-01 13:02:00.468300,1635768120447580848,Ask,59.62,25,0
2021-11-01 13:02:00.468300,1635768118401160335,Ask,0.0,0,0
2021-11-01 13:02:00.468300,1635768120447275515,Bid,0.0,0,0
2021-11-01 13:02:00.468300,1635768118386998944,Ask,0.0,0,0
2021-11-01 13:02:00.468300,1635768120447687860,Ask,59.62,35,0
2021-11-01 13:02:00.468300,1635768118383699402,Ask,0.0,0,0
2021-11-01 13:02:00.468300,1635768118386496201,Bid,0.0,0,0
2021-11-01 13:02:00.468300,1635768120448875898,Bid,59.43,114,0
2021-11-01 13:02:00.508300,1635768120492651479,Bid,59.39,400,0
2021-11-01 13:02:00.577100,1635768120547949878,Ask,60.05,84,0
2021-11-01 13:02:00.818900,1635768120808378954,Bid,59.59,151,0
2021-11-01 13:02:01.121100,1635768121080525932,Ask,59.65,84,0
2021-11-01 13:02:01.121100,1635768121080572877,Ask,59.61,125,0
2021-11-01 13:02:01.121100,1635768120447494457,Bid,0.0,0,0
2021-11-01 13:02:01.121100,1635768058225807645,Bid,59.59,110,0
2021-11-01 13:02:01.121100,1635768121080633242,Ask,59.61,98,0
2021-11-01 13:02:01.121100,1635768121080643883,Ask,59.61,48,0
2021-11-01 13:02:01.121100,1635768120396181939,Bid,0.0,0,0
2021-11-01 13:02:01.121100,1635768120346376085,Bid,0.0,0,0
2021-11-01 13:02:01.121100,1635768120447446628,Bid,0.0,0,0
2021-11-01 13:02:01.121100,1635768090799236171,Bid,0.0,0,0
2021-11-01 13:02:01.121100,1635768121080701825,Bid,59.59,15,0
2021-11-01 13:02:01.121100,1635768121080710089,Bid,59.59,35,0
2021-11-01 13:02:01.121100,1635768120447417016,Bid,0.0,0,0
2021-11-01 13:02:01.121100,1635768121080743866,Bid,59.59,25,0
2021-11-01 13:02:01.121100,1635768120346638296,Ask,0.0,0,0
2021-11-01 13:02:01.121100,1635768121082126655,Ask,59.61,155,0
2021-11-01 13:02:01.121100,1635768121080643883,Ask,0.0,0,0
2021-11-01 13:02:01.127800,1635768121108807705,Bid,59.58,150,0
2021-11-01 13:02:01.165000,1635768121130547511,Ask,59.64,84,0
2021-11-01 13:02:01.165000,1635768121131186830,Ask,59.63,101,0
2021-11-01 13:02:01.207000,1635768120547949878,Ask,0.0,0,0
2021-11-01 13:02:01.385100,1635768121374233886,Bid,59.59,34,0
2021-11-01 13:02:02.138300,1635768122097202751,Bid,59.6,125,0
2021-11-01 13:02:02.138300,1635768121080572877,Ask,0.0,0,0
2021-11-01 13:02:02.138300,1635768121080633242,Ask,59.61,98,0
2021-11-01 13:02:02.138300,1635768122097263802,Bid,59.59,155,0
2021-11-01 13:02:02.138300,1635768121082126655,Ask,0.0,0,0
2021-11-01 13:02:02.138300,1635768121080710089,Bid,0.0,0,0
2021-11-01 13:02:02.138300,1635768122097309556,Ask,59.61,35,0
2021-11-01 13:02:02.138300,1635768120447687860,Ask,0.0,0,0
2021-11-01 13:02:02.138300,1635768122097309556,Ask,0.0,0,0
2021-11-01 13:02:02.138300,1635768122097202751,Bid,0.0,0,0
2021-11-01 13:02:02.138300,1635768058225807645,Bid,59.59,110,0
2021-11-01 13:02:02.138300,1635768122097490342,Ask,59.61,49,0
2021-11-01 13:02:02.138300,1635768121080701825,Bid,0.0,0,0
2021-11-01 13:02:02.138300,1635768122097521091,Bid,58.4,15,0
2021-11-01 13:02:02.186900,1635768122097521091,Bid,0.0,0,0
2021-11-01 13:02:02.186900,1635768122169849754,Bid,59.59,15,0
2021-11-01 13:02:02.208500,1635768122197951360,Bid,59.59,35,0
2021-11-01 13:02:02.407600,1635768122392511123,Bid,59.55,99,0
2021-11-01 13:02:02.415500,1635768122097490342,Ask,0.0,0,0
2021-11-01 13:02:02.415500,1635768121080633242,Ask,0.0,0,0
2021-11-01 13:02:02.415500,1635768099879872007,Ask,59.62,125,0
2021-11-01 13:02:02.415500,1635768120447580848,Ask,0.0,0,0
2021-11-01 13:02:02.415500,1635768122408933653,Ask,60.81,25,0
2021-11-01 13:02:02.415500,1635768122409068995,Ask,59.62,98,0
2021-11-01 13:02:02.437200,1635768121130547511,Ask,0.0,0,0
2021-11-01 13:02:02.443000,1635768122431977955,Bid,59.6,125,0
2021-11-01 13:02:02.443000,1635768122432018457,Ask,59.62,60,0
2021-11-01 13:02:02.443000,1635768121131186830,Ask,0.0,0,0
2021-11-01 13:02:02.443000,1635768122432036887,Bid,59.6,100,0
2021-11-01 13:02:02.443000,1635768122408933653,Ask,0.0,0,0
2021-11-01 13:02:02.443000,1635768122432068016,Ask,59.62,25,0
2021-11-01 13:02:02.443000,1635768122432778506,Bid,59.6,34,0
2021-11-01 13:02:02.443000,1635768121374233886,Bid,0.0,0,0
2021-11-01 13:02:02.526200,1635768122496197706,Bid,59.58,101,0
2021-11-01 13:02:02.526200,1635768122432018457,Ask,0.0,0,0
2021-11-01 13:02:03.106500,1635768122432036887,Bid,0.0,0,0
2021-11-01 13:02:03.106500,1635768123091731583,Ask,59.62,35,0
2021-11-01 13:02:03.167600,1635768123156951032,Ask,59.61,125,0
2021-11-01 13:02:03.167600,1635768122431977955,Bid,0.0,0,0
2021-11-01 13:02:03.167600,1635768122432778506,Bid,59.6,34,0
2021-11-01 13:02:03.167600,1635768123157022585,Ask,59.61,98,0
2021-11-01 13:02:03.167600,1635768122409068995,Ask,0.0,0,0
2021-11-01 13:02:03.214500,1635768123163327979,Ask,59.64,83,0
2021-11-01 13:02:03.214500,1635768122197951360,Bid,0.0,0,0
2021-11-01 13:02:03.214500,1635768122432778506,Bid,0.0,0,0
2021-11-01 13:02:03.214500,1635768058225807645,Bid,59.59,110,0
2021-11-01 13:02:03.214500,1635768122097263802,Bid,0.0,0,0
2021-11-01 13:02:03.214500,1635768122496197706,Bid,0.0,0,0
2021-11-01 13:02:03.214500,1635768123190357711,Ask,59.61,155,0
2021-11-01 13:02:03.214500,1635768123190374606,Ask,59.61,49,0
2021-11-01 13:02:03.214500,1635768122169849754,Bid,0.0,0,0
2021-11-01 13:02:03.214500,1635768123190438441,Bid,58.4,15,0
2021-11-01 13:02:03.214500,1635768123190797002,Bid,59.6,2,0
2021-11-01 13:02:03.214500,1635768123190888071,Ask,59.61,20,0
2021-11-01 13:02:03.214500,1635768123191834659,Ask,59.61,35,0
2021-11-01 13:02:03.214500,1635768123091731583,Ask,0.0,0,0
2021-11-01 13:02:03.252300,1635768123204406138,Bid,59.6,96,0
2021-11-01 13:02:03.252300,1635768105153079347,Bid,0.0,0,0
2021-11-01 13:02:03.252300,1635768123190357711,Ask,0.0,0,0
2021-11-01 13:02:03.257500,1635768123190797002,Bid,0.0,0,0
2021-11-01 13:02:03.257500,1635768123204406138,Bid,59.6,96,0
2021-11-01 13:02:03.257500,1635768123204406138,Bid,0.0,0,0
2021-11-01 13:02:03.257500,1635768058225807645,Bid,59.59,110,0
2021-11-01 13:02:03.257500,1635768123220360667,Ask,59.61,91,0
2021-11-01 13:02:03.257500,1635768123191834659,Ask,0.0,0,0
2021-11-01 13:02:03.257500,1635768123220378618,Ask,59.61,155,0
2021-11-01 13:02:03.257500,1635768118936162245,Bid,0.0,0,0
2021-11-01 13:02:03.257500,1635768123190888071,Ask,0.0,0,0
2021-11-01 13:02:03.257500,1635768123220405576,Ask,60.8,20,0
2021-11-01 13:02:03.257500,1635768123231206374,Ask,59.63,101,0
2021-11-01 13:02:03.362300,1635768123353321576,Bid,59.59,96,0
2021-11-01 13:02:03.362300,1635768123353377982,Ask,59.61,35,0
2021-11-01 13:02:03.905800,1635768123895393851,Bid,59.59,100,0
2021-11-01 13:02:04.040500,1635768124020507057,Ask,59.61,19,0
2021-11-01 13:02:05.160800,1635768123157022585,Ask,0.0,0,0
2021-11-01 13:02:05.160800,1635768125124153433,Bid,59.59,35,0
2021-11-01 13:02:05.167000,1635768125153208269,Ask,59.61,58,0
2021-11-01 13:02:07.311400,1635768123190374606,Ask,0.0,0,0
2021-11-01 13:02:07.311400,1635768123353377982,Ask,0.0,0,0
2021-11-01 13:02:07.742400,1635768127728913100,Ask,59.61,50,0
2021-11-01 13:02:08.336500,1635768128329059033,Ask,59.6,565,0
2021-11-01 13:02:08.336500,1635768120346649303,Ask,0.0,0,0
2021-11-01 13:02:08.336500,1635768123895393851,Bid,0.0,0,0
2021-11-01 13:02:08.347700,1635768120447329052,Bid,0.0,0,0
2021-11-01 13:02:08.347700,1635768125124153433,Bid,0.0,0,0
2021-11-01 13:02:08.347700,1635768096825987260,Ask,0.0,0,0
2021-11-01 13:02:08.393500,1635768128376286657,Ask,59.62,101,0
2021-11-01 13:02:08.433300,1635768128399317195,Ask,59.7,400,0
2021-11-01 13:02:08.826600,1635768087653211590,Ask,0.0,0,0
2021-11-01 13:02:09.327800,1635768124020507057,Ask,0.0,0,0
2021-11-01 13:02:09.327800,1635768129310725658,Ask,59.6,19,0
2021-11-01 13:02:09.377500,1635768086705933035,Ask,0.0,0,0
2021-11-01 13:02:09.460500,1635768129413611695,Ask,59.62,184,0
2021-11-01 13:02:10.157700,1635768125153208269,Ask,0.0,0,0
2021-11-01 13:02:10.210400,1635768078183742057,Bid,0.0,0,0
2021-11-01 13:02:10.388200,1635768130379809081,Ask,59.6,34,0
2021-11-01 13:02:10.426700,1635768099885394826,Ask,0.0,0,0
2021-11-01 13:02:11.734600,1635768123220360667,Ask,0.0,0,0
2021-11-01 13:02:12.406000,1635768132399070646,Bid,59.59,100,0
2021-11-01 13:02:12.406000,1635768058225807645,Bid,0.0,0,0
2021-11-01 13:02:12.414300,1635768083356042078,Bid,59.59,317,0
2021-11-01 13:02:13.484100,1635768128329059033,Ask,59.6,502,0
2021-11-01 13:02:13.484100,1635768128329059033,Ask,0.0,0,0
2021-11-01 13:02:13.484100,1635768129310725658,Ask,59.6,19,0
2021-11-01 13:02:13.484100,1635768129310725658,Ask,0.0,0,0
2021-11-01 13:02:13.484100,1635768130379809081,Ask,59.6,34,0
2021-11-01 13:02:13.484100,1635768130379809081,Ask,0.0,0,0
2021-11-01 13:02:13.484100,1635768123156951032,Ask,59.61,125,0
2021-11-01 13:02:13.484100,1635768133473909567,Bid,59.59,35,0
2021-11-01 13:02:13.484100,1635768127728913100,Ask,0.0,0,0
2021-11-01 13:02:13.484100,1635768123220378618,Ask,0.0,0,0
2021-11-01 13:02:13.484100,1635768133474588760,Bid,59.6,120,0
2021-11-01 13:02:13.484100,1635768133474638300,Bid,59.59,166,0
2021-11-01 13:02:13.484100,1635768128376286657,Ask,0.0,0,0
2021-11-01 13:02:13.484100,1635768133473909567,Bid,0.0,0,0
2021-11-01 13:02:13.484100,1635768121080525932,Ask,0.0,0,0
2021-11-01 13:02:13.484100,1635768133474793056,Ask,59.61,35,0
2021-11-01 13:02:13.484100,1635768133474793056,Ask,0.0,0,0
2021-11-01 13:02:13.484100,1635768122432068016,Ask,0.0,0,0
2021-11-01 13:02:13.484100,1635768133474896851,Ask,60.81,25,0
2021-11-01 13:02:13.507400,1635768123353321576,Bid,0.0,0,0
2021-11-01 13:02:13.546000,1635768133521330578,Bid,59.58,101,0
2021-11-01 13:02:13.586800,1635768133533974692,Bid,59.6,96,0
2021-11-01 13:02:13.586800,1635768123156951032,Ask,0.0,0,0
2021-11-01 13:02:13.586800,1635768099879872007,Ask,59.62,125,0
2021-11-01 13:02:13.586800,1635768123231206374,Ask,0.0,0,0
2021-11-01 13:02:13.586800,1635768133534708448,Ask,59.62,12,0
2021-11-01 13:02:13.586800,1635768133534719649,Ask,59.62,51,0
2021-11-01 13:02:13.586800,1635768123163327979,Ask,0.0,0,0
2021-11-01 13:02:13.586800,1635768133574872131,Ask,60.05,84,0
2021-11-01 13:02:13.612600,1635768133598674342,Bid,59.6,35,0
2021-11-01 13:02:14.115700,1635768133534708448,Ask,0.0,0,0
2021-11-01 13:02:14.125700,1635768134111858880,Ask,59.62,12,0
2021-11-01 13:02:14.125700,1635768123220405576,Ask,0.0,0,0
2021-11-01 13:02:14.125700,1635768134111938292,Ask,59.62,20,0
2021-11-01 13:02:14.176900,1635768120346555026,Ask,0.0,0,0
2021-11-01 13:02:14.176900,1635768134143526411,Bid,59.6,100,0
2021-11-01 13:02:14.176900,1635768120347451815,Ask,0.0,0,0
2021-11-01 13:02:14.176900,1635768134143551616,Ask,60.81,29,0
2021-11-01 13:02:14.176900,1635768134111938292,Ask,0.0,0,0
2021-11-01 13:02:14.176900,1635768134143600733,Ask,60.82,20,0
2021-11-01 13:02:14.176900,1635768134143657545,Bid,59.6,125,0
2021-11-01 13:02:14.176900,1635768134143551616,Ask,0.0,0,0
2021-11-01 13:02:14.176900,1635768134143692769,Ask,59.62,29,0
2021-11-01 13:02:14.176900,1635768134111858880,Ask,0.0,0,0
2021-11-01 13:02:14.176900,1635768134145145048,Bid,59.6,123,0
2021-11-01 13:02:14.176900,1635768118395307512,Ask,0.0,0,0
2021-11-01 13:02:14.176900,1635768099893361421,Ask,0.0,0,0
2021-11-01 13:02:14.176900,1635768134145281703,Bid,59.58,440,0
2021-11-01 13:02:14.176900,1635768134145330064,Ask,59.95,167,0
2021-11-01 13:02:14.176900,1635768132399070646,Bid,0.0,0,0
2021-11-01 13:02:14.176900,1635768110499317160,Bid,0.0,0,0
2021-11-01 13:02:14.176900,1635768120448875898,Bid,0.0,0,0
2021-11-01 13:02:14.176900,1635768134152855871,Bid,59.44,114,0
2021-11-01 13:02:14.176900,1635768111806439934,Bid,0.0,0,0
2021-11-01 13:02:14.176900,1635768134153451717,Bid,59.45,271,0
2021-11-01 13:02:14.176900,1635768102224151540,Ask,0.0,0,0
2021-11-01 13:02:14.216100,1635768134164034454,Bid,59.6,166,0
2021-11-01 13:02:14.216100,1635768133534719649,Ask,0.0,0,0
2021-11-01 13:02:14.216100,1635768099879872007,Ask,0.0,0,0
2021-11-01 13:02:14.216100,1635768099881001912,Ask,59.62,55,0
2021-11-01 13:02:14.216100,1635768134164219593,Bid,59.61,100,0
2021-11-01 13:02:14.216100,1635768134164248188,Bid,59.61,35,0
2021-11-01 13:02:14.216100,1635768133598674342,Bid,0.0,0,0
2021-11-01 13:02:14.216100,1635768134164263234,Bid,59.59,84,0
2021-11-01 13:02:14.216100,1635768099883377993,Ask,0.0,0,0
2021-11-01 13:02:14.216100,1635768134164441543,Ask,59.69,90,0
2021-11-01 13:02:14.216100,1635768134172649179,Bid,59.51,400,0
2021-11-01 13:02:14.216100,1635768134175483355,Ask,59.62,51,0
2021-11-01 13:02:14.216100,1635768134143692769,Ask,0.0,0,0
2021-11-01 13:02:14.216100,1635768134175563393,Ask,60.81,29,0
2021-11-01 13:02:14.233800,1635768134212818893,Bid,59.59,97,0
2021-11-01 13:02:14.240000,1635768090900283528,Bid,0.0,0,0
2021-11-01 13:02:14.273500,1635768134256343482,Bid,59.59,101,0
2021-11-01 13:02:14.273500,1635768134164219593,Bid,0.0,0,0
2021-11-01 13:02:14.273500,1635768134164248188,Bid,59.61,35,0
2021-11-01 13:02:15.169400,1635768135162787045,Ask,59.62,98,0
2021-11-01 13:02:15.251300,1635768135215023633,Bid,59.58,99,0
2021-11-01 13:02:15.255200,1635768105586607606,Bid,0.0,0,0
2021-11-01 13:02:15.255200,1635768122392511123,Bid,0.0,0,0
2021-11-01 13:02:15.261900,1635768105581632340,Bid,0.0,0,0
2021-11-01 13:02:15.303400,1635768135270584051,Bid,59.59,142,0
2021-11-01 13:02:15.372800,1635768135356788557,Bid,59.59,245,0
2021-11-01 13:02:15.560100,1635768135527830467,Bid,59.61,35,0
2021-11-01 13:02:15.670200,1635768099881001912,Ask,0.0,0,0
2021-11-01 13:02:15.670200,1635768099881096693,Ask,59.62,61,0
2021-11-01 13:02:15.670200,1635768099881096693,Ask,0.0,0,0
2021-11-01 13:02:15.670200,1635768129413611695,Ask,59.62,184,0
2021-11-01 13:02:15.702300,1635768129413611695,Ask,0.0,0,0
2021-11-01 13:02:15.702300,1635768134175483355,Ask,59.62,51,0
2021-11-01 13:02:15.702300,1635768134175483355,Ask,0.0,0,0
2021-11-01 13:02:15.702300,1635768135162787045,Ask,59.62,98,0
2021-11-01 13:02:15.702300,1635768135162787045,Ask,0.0,0,0
2021-11-01 13:02:15.702300,1635767041200119965,Ask,59.63,116,0
2021-11-01 13:02:15.702300,1635768135645153620,Bid,59.61,125,0
2021-11-01 13:02:15.702300,1635768135645161480,Bid,59.61,36,0
2021-11-01 13:02:15.702300,1635768090890887629,Ask,0.0,0,0
2021-11-01 13:02:15.702300,1635768090798961256,Ask,0.0,0,0
2021-11-01 13:02:15.702300,1635768135645205494,Bid,59.59,440,0
2021-11-01 13:02:15.702300,1635768104696451964,Bid,0.0,0,0
2021-11-01 13:02:15.702300,1635768135645215891,Bid,59.61,100,0
2021-11-01 13:02:15.702300,1635768135645222486,Ask,59.63,45,0
2021-11-01 13:02:15.702300,1635768135645237785,Ask,59.63,51,0
2021-11-01 13:02:15.702300,1635768101049803024,Ask,0.0,0,0
2021-11-01 13:02:15.702300,1635768090799138077,Ask,0.0,0,0
2021-11-01 13:02:15.702300,1635768135645280843,Ask,60.83,28,0
2021-11-01 13:02:15.702300,1635768135645395270,Bid,59.61,43,0
2021-11-01 13:02:15.702300,1635768135645401246,Bid,59.62,120,0
2021-11-01 13:02:15.702300,1635768135645446792,Bid,59.61,80,0
2021-11-01 13:02:15.702300,1635768135645465202,Bid,59.61,166,0
2021-11-01 13:02:15.702300,1635768090799121041,Ask,0.0,0,0
2021-11-01 13:02:15.702300,1635768090800955703,Ask,0.0,0,0
2021-11-01 13:02:15.702300,1635768113815131927,Ask,0.0,0,0
2021-11-01 13:02:15.702300,1635768135645161480,Bid,0.0,0,0
2021-11-01 13:02:15.702300,1635768134152855871,Bid,0.0,0,0
2021-11-01 13:02:15.702300,1635768135645768116,Bid,59.45,114,0
2021-11-01 13:02:15.702300,1635768104954324417,Ask,0.0,0,0
2021-11-01 13:02:15.702300,1635768135645780512,Ask,59.8,114,0
2021-11-01 13:02:15.702300,1635768106614333756,Bid,0.0,0,0
2021-11-01 13:02:15.702300,1635768135645983461,Bid,59.5,104,0
2021-11-01 13:02:15.702300,1635768135646093679,Bid,59.62,35,0
2021-11-01 13:02:15.702300,1635768134164248188,Bid,0.0,0,0
2021-11-01 13:02:15.702300,1635768134153451717,Bid,0.0,0,0
2021-11-01 13:02:15.702300,1635768135646166153,Bid,59.46,271,0
2021-11-01 13:02:15.702300,1635768104954703114,Ask,0.0,0,0
2021-11-01 13:02:15.702300,1635768135646174062,Ask,59.79,271,0
2021-11-01 13:02:15.702300,1635768134143526411,Bid,0.0,0,0
2021-11-01 13:02:15.702300,1635768135667468609,Ask,59.65,215,0
2021-11-01 13:02:15.737300,1635768135689051046,Ask,59.66,89,0
2021-11-01 13:02:15.743600,1635768135726356909,Bid,59.6,101,0
2021-11-01 13:02:15.863400,1635767041200119965,Ask,0.0,0,0
2021-11-01 13:02:15.863400,1635768135645222486,Ask,59.63,45,0
2021-11-01 13:02:15.863400,1635768135645222486,Ask,0.0,0,0
2021-11-01 13:02:15.863400,1635768135645237785,Ask,59.63,51,0
2021-11-01 13:02:15.863400,1635768135645237785,Ask,0.0,0,0
2021-11-01 13:02:15.863400,1635766855672488928,Ask,59.64,73,0
2021-11-01 13:02:15.863400,1635768135843460095,Bid,59.63,150,0
2021-11-01 13:02:15.863400,1635768135843508130,Bid,59.62,125,0
2021-11-01 13:02:15.863400,1635767041190167672,Ask,0.0,0,0
2021-11-01 13:02:15.863400,1635768135645401246,Bid,0.0,0,0
2021-11-01 13:02:15.863400,1635767030169188603,Ask,0.0,0,0
2021-11-01 13:02:15.863400,1635768095556793389,Bid,0.0,0,0
2021-11-01 13:02:15.863400,1635768089949871715,Ask,0.0,0,0
2021-11-01 13:02:15.863400,1635767515662893095,Bid,0.0,0,0
2021-11-01 13:02:15.863400,1635768135843557477,Bid,59.62,123,0
2021-11-01 13:02:15.863400,1635766859730469260,Ask,0.0,0,0
2021-11-01 13:02:15.863400,1635767975914619127,Ask,0.0,0,0
2021-11-01 13:02:15.863400,1635768135843614622,Bid,59.56,504,0
2021-11-01 13:02:15.863400,1635768135843625407,Bid,59.32,167,0
2021-11-01 13:02:15.863400,1635768135843643231,Ask,59.64,31,0
2021-11-01 13:02:15.863400,1635768134175563393,Ask,0.0,0,0
