time_stamp,seconds,nanos,bid_size,bid_price,ask_price,ask_size,trade_price,trade_size,not_shown_book_ticks_before
2022-01-14 14:00:00.4234,1642168800,423400000,,,,,170.92,10,
2022-01-14 14:00:08.9995,1642168808,999500000,2,170.87,170.96,40,,,1
2022-01-14 14:00:08.9995,1642168808,999500000,,,,,170.9,1,
2022-01-14 14:00:08.9995,1642168808,999500000,,,,,170.9,1,
2022-01-14 14:00:11.0247,1642168811,24700000,10,170.76,170.96,40,,,1
2022-01-14 14:00:11.0247,1642168811,24700000,,,,,170.87,2,
2022-01-14 14:00:15.8086,1642168815,808600000,10,170.76,170.93,1,,,5
2022-01-14 14:00:19.3426,1642168819,342600000,,,,,170.83,1,
2022-01-14 14:01:12.0896,1642168872,89600000,2,170.81,170.85,100,,,6
2022-01-14 14:01:12.0896,1642168872,89600000,,,,,170.83,1,
2022-01-14 14:01:12.0896,1642168872,89600000,,,,,170.82,5,
2022-01-14 14:01:12.0896,1642168872,89600000,1,170.81,170.93,1,,,2
2022-01-14 14:01:12.0896,1642168872,89600000,,,,,170.81,1,
2022-01-14 14:01:12.0896,1642168872,89600000,1,170.78,170.93,1,,,1
2022-01-14 14:01:12.0896,1642168872,89600000,,,,,170.81,1,
2022-01-14 14:01:12.0896,1642168872,89600000,,,,,170.81,4,
2022-01-14 14:01:12.0896,1642168872,89600000,,,,,170.81,1,
2022-01-14 14:01:14.829,1642168874,829000000,10,170.76,170.93,1,,,3
2022-01-14 14:01:14.885,1642168874,885000000,,,,,170.78,1,
2022-01-14 14:01:45.9884,1642168905,988400000,10,170.76,170.93,1,,,8
2022-01-14 14:01:45.9884,1642168905,988400000,,,,,170.8,3,
2022-01-14 14:02:02.6381,1642168922,638100000,2,170.78,170.85,2,,,10
2022-01-14 14:02:02.6381,1642168922,638100000,,,,,170.8,1,
2022-01-14 14:02:07.0271,1642168927,27100000,,,,,170.79,4,
2022-01-14 14:02:07.0271,1642168927,27100000,10,170.76,170.84,33,,,2
2022-01-14 14:02:07.0271,1642168927,27100000,,,,,170.78,1,
2022-01-14 14:02:16.1721,1642168936,172100000,10,170.76,170.85,2,,,3
2022-01-14 14:02:16.9878,1642168936,987800000,,,,,170.84,2,
2022-01-14 14:02:16.9878,1642168936,987800000,10,170.76,170.93,1,,,1
2022-01-14 14:02:16.9878,1642168936,987800000,,,,,170.85,2,
2022-01-14 14:02:38.8782,1642168958,878200000,1,170.74,170.93,1,,,10
2022-01-14 14:02:38.8782,1642168958,878200000,,,,,170.76,10,
2022-01-14 14:02:56.536,1642168976,536000000,1,170.77,170.96,40,,,5
2022-01-14 14:03:04.9243,1642168984,924300000,,,,,170.83,10,
2022-01-14 14:03:04.9243,1642168984,924300000,,,,,170.83,50,
2022-01-14 14:03:05.9256,1642168985,925600000,,,,,170.85,15,
2022-01-14 14:03:38.7811,1642169018,781100000,100,170.88,170.96,40,,,8
2022-01-14 14:03:38.7811,1642169018,781100000,,,,,170.91,1,
2022-01-14 14:03:46.0865,1642169026,86500000,1,170.82,171,105,,,4
2022-01-14 14:03:46.0865,1642169026,86500000,,,,,170.96,40,
2022-01-14 14:03:59.7853,1642169039,785300000,1,170.85,170.94,1,,,15
2022-01-14 14:03:59.7853,1642169039,785300000,,,,,170.9,1,
2022-01-14 14:04:07.4819,1642169047,481900000,1,170.85,171,105,,,3
2022-01-14 14:04:07.4819,1642169047,481900000,,,,,170.94,1,
2022-01-14 14:04:07.5504,1642169047,550400000,1,170.85,171,105,,,2
2022-01-14 14:04:14.0029,1642169054,2900000,,,,,170.94,10,
2022-01-14 14:04:14.0029,1642169054,2900000,1,170.85,171,105,,,4
2022-01-14 14:04:14.0029,1642169054,2900000,,,,,170.9,2,
2022-01-14 14:04:25.8572,1642169065,857200000,67,170.92,171,105,,,5
2022-01-14 14:04:25.8572,1642169065,857200000,,,,,171,100,
2022-01-14 14:04:25.8572,1642169065,857200000,67,170.92,171,27,,,1
2022-01-14 14:04:25.8572,1642169065,857200000,,,,,171,82,
2022-01-14 14:04:25.8572,1642169065,857200000,67,170.92,171.4,1,,,1
2022-01-14 14:04:25.8572,1642169065,857200000,,,,,171,27,
2022-01-14 14:04:25.8572,1642169065,857200000,,,,,171,1,
2022-01-14 14:05:16.0308,1642169116,30800000,1,170.85,171.4,1,,,16
2022-01-14 14:05:25.8952,1642169125,895200000,,,,,171.18,100,
2022-01-14 14:05:25.8952,1642169125,895200000,54,171.13,171.4,1,,,1
2022-01-14 14:05:25.8952,1642169125,895200000,,,,,171.18,98,
2022-01-14 14:05:25.8952,1642169125,895200000,,,,,171.18,100,
2022-01-14 14:05:25.9226,1642169125,922600000,,,,,171.18,100,
2022-01-14 14:05:25.9226,1642169125,922600000,,,,,171.2,2,
2022-01-14 14:05:25.9226,1642169125,922600000,,,,,171.2,2,
2022-01-14 14:05:25.9226,1642169125,922600000,,,,,171.23,50,
2022-01-14 14:05:25.9226,1642169125,922600000,,,,,171.2,298,
2022-01-14 14:05:25.9226,1642169125,922600000,,,,,171.21,2,
2022-01-14 14:05:25.9226,1642169125,922600000,,,,,171.2,198,
2022-01-14 14:05:44.4671,1642169144,467100000,545,171.12,171.4,1,,,3
2022-01-14 14:05:46.053,1642169146,53000000,,,,,171.13,47,
2022-01-14 14:05:47.1108,1642169147,110800000,535,171.12,171.4,1,,,1
2022-01-14 14:05:47.1108,1642169147,110800000,,,,,171.12,10,
2022-01-14 14:06:15.1433,1642169175,143300000,1,171.09,171.4,1,,,5
2022-01-14 14:06:15.1627,1642169175,162700000,,,,,171.1,3,
2022-01-14 14:06:15.6647,1642169175,664700000,1,170.85,171.4,1,,,3
2022-01-14 14:06:15.6647,1642169175,664700000,,,,,171.09,1,
2022-01-14 14:06:39.5122,1642169199,512200000,1,170.85,171.4,1,,,10
2022-01-14 14:06:41.8394,1642169201,839400000,,,,,171.13,4,
2022-01-14 14:06:45.0406,1642169205,40600000,1,170.85,171.4,1,,,4
2022-01-14 14:06:51.4798,1642169211,479800000,,,,,171.12,10,
2022-01-14 14:06:51.4798,1642169211,479800000,1,170.85,171.4,1,,,7
2022-01-14 14:06:52.833,1642169212,833000000,,,,,171.07,50,
2022-01-14 14:06:52.833,1642169212,833000000,,,,,171.08,10,
2022-01-14 14:07:10.6706,1642169230,670600000,2,170.92,171.4,1,,,3
2022-01-14 14:07:10.6706,1642169230,670600000,,,,,171.16,1,
2022-01-14 14:07:35.5318,1642169255,531800000,1,171.13,171.23,500,,,12
2022-01-14 14:07:43.1382,1642169263,138200000,,,,,171.19,1,
2022-01-14 14:07:44.6759,1642169264,675900000,1,171.13,171.2,13,,,1
2022-01-14 14:07:45.4611,1642169265,461100000,,,,,171.19,2,
2022-01-14 14:07:53.087,1642169273,87000000,1,171.15,171.2,13,,,5
2022-01-14 14:07:54.3514,1642169274,351400000,,,,,171.17,50,
2022-01-14 14:07:55.2369,1642169275,236900000,1,171.13,171.2,13,,,1
2022-01-14 14:07:55.2369,1642169275,236900000,,,,,171.15,1,
2022-01-14 14:08:02.7981,1642169282,798100000,1,171.12,171.2,13,,,1
2022-01-14 14:08:02.7981,1642169282,798100000,,,,,171.13,1,
2022-01-14 14:08:09.8693,1642169289,869300000,788,171.1,171.2,13,,,1
2022-01-14 14:08:09.8693,1642169289,869300000,,,,,171.12,1,
2022-01-14 14:08:28.0747,1642169308,74700000,88,171.1,171.2,13,,,3
2022-01-14 14:08:28.0747,1642169308,74700000,,,,,171.1,700,
2022-01-14 14:08:30.9348,1642169310,934800000,10,171,171.2,13,,,3
2022-01-14 14:08:30.9348,1642169310,934800000,,,,,171.1,88,
2022-01-14 14:09:27.1668,1642169367,166800000,1,171.13,171.4,1,,,26
2022-01-14 14:09:27.1668,1642169367,166800000,,,,,171.2,13,
2022-01-14 14:09:38.5184,1642169378,518400000,2,171.13,171.4,1,,,3
2022-01-14 14:09:38.5184,1642169378,518400000,,,,,171.16,10,
2022-01-14 14:09:42.0073,1642169382,7300000,1,171.13,171.4,1,,,4
2022-01-14 14:09:42.0073,1642169382,7300000,,,,,171.13,1,
2022-01-14 14:09:42.0073,1642169382,7300000,1,171.07,171.4,1,,,1
2022-01-14 14:09:42.0073,1642169382,7300000,,,,,171.13,1,
2022-01-14 14:10:19.7336,1642169419,733600000,1,171.07,171.4,1,,,10
2022-01-14 14:10:19.7336,1642169419,733600000,,,,,171.1,5,
2022-01-14 14:10:29.2762,1642169429,276200000,1,171.05,171.09,100,,,4
2022-01-14 14:10:29.3287,1642169429,328700000,,,,,171.07,1,
2022-01-14 14:10:37.8606,1642169437,860600000,1,171.05,171.4,1,,,3
2022-01-14 14:10:37.8606,1642169437,860600000,,,,,171.06,1,
2022-01-14 14:10:37.8606,1642169437,860600000,3,171.03,171.23,7,,,2
2022-01-14 14:10:37.8606,1642169437,860600000,,,,,171.05,1,
2022-01-14 14:10:38.197,1642169438,197000000,3,171.03,171.13,40,,,2
2022-01-14 14:10:41.322,1642169441,322000000,,,,,171.05,3,
2022-01-14 14:10:41.6808,1642169441,680800000,1,171.01,171.13,40,,,1
2022-01-14 14:10:41.6808,1642169441,680800000,,,,,171.03,3,
2022-01-14 14:10:57.9631,1642169457,963100000,1,171.01,171.13,40,,,7
2022-01-14 14:10:57.9631,1642169457,963100000,,,,,171.05,50,
2022-01-14 14:10:57.9631,1642169457,963100000,,,,,171.04,10,
2022-01-14 14:10:57.9631,1642169457,963100000,,,,,171.04,10,
2022-01-14 14:10:57.9631,1642169457,963100000,21,171,171.13,40,,,1
2022-01-14 14:10:57.9631,1642169457,963100000,,,,,171.01,1,
2022-01-14 14:10:57.9631,1642169457,963100000,2,170.92,171.07,7,,,2
2022-01-14 14:10:57.9631,1642169457,963100000,,,,,171,10,
2022-01-14 14:10:57.9998,1642169457,999800000,,,,,171,3,
2022-01-14 14:10:57.9998,1642169457,999800000,2,170.92,171.13,40,,,3
2022-01-14 14:10:58.2071,1642169458,207100000,,,,,171,10,
2022-01-14 14:10:58.3429,1642169458,342900000,,,,,171.06,1,
2022-01-14 14:11:07.6564,1642169467,656400000,30,170.93,171.13,40,,,1
2022-01-14 14:11:09.772,1642169469,772000000,,,,,171,32,
2022-01-14 14:11:09.772,1642169469,772000000,30,170.93,171.04,19,,,1
2022-01-14 14:11:09.772,1642169469,772000000,,,,,171,50,
2022-01-14 14:11:10.8393,1642169470,839300000,30,170.93,171.02,33,,,4
2022-01-14 14:11:10.8393,1642169470,839300000,,,,,171,3,
2022-01-14 14:11:10.8393,1642169470,839300000,3,170.93,171.02,33,,,1
2022-01-14 14:11:10.8393,1642169470,839300000,,,,,170.93,27,
2022-01-14 14:11:10.8506,1642169470,850600000,2,170.92,171.13,40,,,5
2022-01-14 14:11:10.8506,1642169470,850600000,,,,,170.93,3,
2022-01-14 14:11:10.8506,1642169470,850600000,1,170.85,171.13,40,,,1
2022-01-14 14:11:10.8506,1642169470,850600000,,,,,170.92,2,
2022-01-14 14:11:18.6218,1642169478,621800000,2,170.88,171.13,40,,,10
2022-01-14 14:11:20.9642,1642169480,964200000,,,,,170.89,2,
2022-01-14 14:11:26.4658,1642169486,465800000,3,170.88,171.13,40,,,15
2022-01-14 14:11:28.2189,1642169488,218900000,,,,,170.95,200,
2022-01-14 14:11:46.2425,1642169506,242500000,2,170.88,171.13,40,,,2
2022-01-14 14:11:46.2425,1642169506,242500000,,,,,170.91,1,
2022-01-14 14:12:01.1673,1642169521,167300000,1,170.99,171.13,40,,,10
2022-01-14 14:12:01.1673,1642169521,167300000,,,,,171.04,1,
2022-01-14 14:12:02.2005,1642169522,200500000,1,170.99,171.13,40,,,6
2022-01-14 14:12:03.5529,1642169523,552900000,,,,,171.02,100,
2022-01-14 14:12:03.5529,1642169523,552900000,6,170.89,171.07,12,,,2
2022-01-14 14:12:03.5845,1642169523,584500000,,,,,170.99,1,
2022-01-14 14:12:03.5845,1642169523,584500000,6,170.89,171.13,40,,,3
2022-01-14 14:12:06.76,1642169526,760000000,,,,,171.01,50,
2022-01-14 14:12:11.9955,1642169531,995500000,,,,,171,10,
2022-01-14 14:12:26.6445,1642169546,644500000,1,170.91,171.07,37,,,4
2022-01-14 14:12:26.6445,1642169546,644500000,,,,,171.01,1,
2022-01-14 14:12:26.6445,1642169546,644500000,1,170.91,171.13,40,,,3
2022-01-14 14:12:26.9028,1642169546,902800000,,,,,171.01,50,
2022-01-14 14:12:45.1967,1642169565,196700000,10,171.02,171.05,30,,,4
2022-01-14 14:12:45.1967,1642169565,196700000,,,,,171.02,5,
2022-01-14 14:12:45.1967,1642169565,196700000,1,171.01,171.05,30,,,1
2022-01-14 14:12:45.1967,1642169565,196700000,,,,,171.02,10,
2022-01-14 14:12:45.2615,1642169565,261500000,1,170.91,171.05,30,,,1
2022-01-14 14:12:45.2615,1642169565,261500000,,,,,171.01,1,
2022-01-14 14:13:07.305,1642169587,305000000,1,170.95,171.03,3,,,9
2022-01-14 14:13:07.305,1642169587,305000000,,,,,170.96,10,
2022-01-14 14:13:07.305,1642169587,305000000,1,170.91,171.03,3,,,1
2022-01-14 14:13:07.305,1642169587,305000000,,,,,170.95,1,
2022-01-14 14:13:07.305,1642169587,305000000,1,170.91,171.03,3,,,3
2022-01-14 14:13:11.9008,1642169591,900800000,,,,,170.93,7,
2022-01-14 14:13:11.9008,1642169591,900800000,1,170.91,171.01,200,,,3
2022-01-14 14:13:11.9008,1642169591,900800000,,,,,170.93,1,
2022-01-14 14:13:11.9008,1642169591,900800000,1,170.91,170.97,39,,,1
2022-01-14 14:13:11.9008,1642169591,900800000,,,,,170.93,2,
2022-01-14 14:13:11.9438,1642169591,943800000,1,170.91,171.03,3,,,1
2022-01-14 14:13:11.9854,1642169591,985400000,,,,,170.94,1,
2022-01-14 14:13:11.9854,1642169591,985400000,,,,,170.94,9,
2022-01-14 14:13:32.9988,1642169612,998800000,1,170.91,171,6,,,3
2022-01-14 14:13:36.1174,1642169616,117400000,,,,,170.93,200,
2022-01-14 14:13:36.1424,1642169616,142400000,1,170.91,170.95,12,,,1
2022-01-14 14:13:36.1424,1642169616,142400000,,,,,170.93,150,
2022-01-14 14:13:36.1424,1642169616,142400000,,,,,170.93,15,
2022-01-14 14:13:36.1424,1642169616,142400000,,,,,170.93,10,
2022-01-14 14:13:38.9481,1642169618,948100000,100,170.95,171,1,,,7
2022-01-14 14:13:38.9481,1642169618,948100000,,,,,171,5,
2022-01-14 14:13:38.9481,1642169618,948100000,100,170.95,171.03,3,,,1
2022-01-14 14:13:38.9481,1642169618,948100000,,,,,171,1,
2022-01-14 14:13:47.4313,1642169627,431300000,2,170.94,171.03,97,,,6
2022-01-14 14:13:47.4313,1642169627,431300000,,,,,171,5,
2022-01-14 14:14:24.4597,1642169664,459700000,3,170.98,171.03,94,,,5
2022-01-14 14:14:24.4597,1642169664,459700000,,,,,171.03,3,
2022-01-14 14:14:24.4597,1642169664,459700000,3,170.98,171.13,40,,,1
2022-01-14 14:14:24.4665,1642169664,466500000,,,,,171.03,94,
2022-01-14 14:14:53.5974,1642169693,597400000,4,170.98,171.13,40,,,7
2022-01-14 14:14:53.5974,1642169693,597400000,,,,,171.07,1,
2022-01-14 14:14:58.9837,1642169698,983700000,4,170.98,171.13,40,,,2
2022-01-14 14:14:58.9837,1642169698,983700000,,,,,171.07,1,
2022-01-14 14:14:59.3652,1642169699,365200000,,,,,171.05,5,
2022-01-14 14:15:10.2748,1642169710,274800000,4,170.98,171.13,40,,,4
2022-01-14 14:15:10.2748,1642169710,274800000,,,,,171.05,1,
2022-01-14 14:15:13.1884,1642169713,188400000,4,170.98,171.05,3,,,2
2022-01-14 14:15:13.1884,1642169713,188400000,,,,,171.05,1,
2022-01-14 14:15:14.3108,1642169714,310800000,4,170.98,171.13,40,,,1
2022-01-14 14:15:14.3108,1642169714,310800000,,,,,171.05,3,
2022-01-14 14:15:30.3922,1642169730,392200000,1,171.07,171.13,40,,,8
2022-01-14 14:15:33.605,1642169733,605000000,,,,,171.1,500,
2022-01-14 14:15:33.605,1642169733,605000000,1,171.07,171.13,108,,,1
2022-01-14 14:15:33.605,1642169733,605000000,,,,,171.1,150,
2022-01-14 14:15:33.605,1642169733,605000000,,,,,171.1,150,
2022-01-14 14:15:33.605,1642169733,605000000,4,170.98,171.13,108,,,1
2022-01-14 14:15:33.605,1642169733,605000000,,,,,171.07,1,
2022-01-14 14:15:33.605,1642169733,605000000,,,,,171.09,50,
2022-01-14 14:15:33.605,1642169733,605000000,,,,,171.1,10,
2022-01-14 14:15:33.6446,1642169733,644600000,4,170.98,171.13,40,,,1
2022-01-14 14:15:33.9516,1642169733,951600000,,,,,171.05,30,
2022-01-14 14:15:53.988,1642169753,988000000,2,170.99,171.13,40,,,3
2022-01-14 14:15:53.988,1642169753,988000000,,,,,171.12,10,
2022-01-14 14:15:53.988,1642169753,988000000,2,170.99,171.4,1,,,1
2022-01-14 14:15:53.988,1642169753,988000000,,,,,171.14,10,
2022-01-14 14:15:53.988,1642169753,988000000,,,,,171.15,50,
2022-01-14 14:15:53.988,1642169753,988000000,2,170.99,171.4,1,,,6
2022-01-14 14:15:54.0366,1642169754,36600000,,,,,171.14,10,
2022-01-14 14:16:03.6995,1642169763,699500000,,,,,171.14,10,
2022-01-14 14:16:04.3312,1642169764,331200000,2,170.99,171.4,1,,,3
2022-01-14 14:16:08.1297,1642169768,129700000,,,,,171.14,10,
2022-01-14 14:16:08.1297,1642169768,129700000,,,,,171.13,25,
2022-01-14 14:16:08.29,1642169768,290000000,2,170.99,171.4,1,,,7
2022-01-14 14:16:08.7182,1642169768,718200000,,,,,171.13,25,
2022-01-14 14:16:09.2768,1642169769,276800000,2,170.99,171.4,1,,,6
2022-01-14 14:16:13.366,1642169773,366000000,,,,,171.18,2,
2022-01-14 14:16:14.8559,1642169774,855900000,11,171.06,171.4,1,,,4
2022-01-14 14:16:17.7964,1642169777,796400000,,,,,171.12,10,
2022-01-14 14:16:17.7964,1642169777,796400000,,,,,171.12,10,
2022-01-14 14:16:17.7964,1642169777,796400000,11,171.06,171.4,1,,,2
2022-01-14 14:16:17.8821,1642169777,882100000,,,,,171.12,10,
2022-01-14 14:16:29.1009,1642169789,100900000,41,171.06,171.4,1,,,9
2022-01-14 14:16:38.5122,1642169798,512200000,,,,,171.07,1,
2022-01-14 14:16:38.5122,1642169798,512200000,30,171.01,171.4,1,,,1
2022-01-14 14:16:38.5122,1642169798,512200000,,,,,171.06,30,
2022-01-14 14:16:38.5122,1642169798,512200000,,,,,171.05,1,
2022-01-14 14:16:39.3539,1642169799,353900000,54,171.13,171.4,1,,,6
2022-01-14 14:16:39.3539,1642169799,353900000,,,,,171.13,25,
2022-01-14 14:16:49.9784,1642169809,978400000,30,171.01,171.4,1,,,14
2022-01-14 14:16:51.4667,1642169811,466700000,,,,,171.3,4,
2022-01-14 14:17:04.2771,1642169824,277100000,30,171.15,171.4,1,,,8
2022-01-14 14:17:04.2771,1642169824,277100000,,,,,171.26,14,
2022-01-14 14:17:22.4914,1642169842,491400000,30,171.15,171.4,1,,,8
2022-01-14 14:17:26.3867,1642169846,386700000,,,,,171.18,10,
2022-01-14 14:17:26.3867,1642169846,386700000,2,171.11,171.4,1,,,1
2022-01-14 14:17:26.3867,1642169846,386700000,,,,,171.15,30,
2022-01-14 14:17:27.0319,1642169847,31900000,5,171.06,171.4,1,,,7
2022-01-14 14:17:27.0319,1642169847,31900000,,,,,171.11,2,
2022-01-14 14:17:27.0319,1642169847,31900000,5,171.06,171.4,1,,,5
2022-01-14 14:17:29.1209,1642169849,120900000,,,,,171.1,10,
2022-01-14 14:17:36.2256,1642169856,225600000,2,170.99,171.4,1,,,1
2022-01-14 14:17:36.2256,1642169856,225600000,,,,,171.06,5,
2022-01-14 14:17:41.5429,1642169861,542900000,1,171.03,171.4,1,,,3
2022-01-14 14:17:48.9668,1642169868,966800000,,,,,171.09,3,
2022-01-14 14:17:51.0416,1642169871,41600000,1,171.03,171.4,1,,,4
2022-01-14 14:17:51.0416,1642169871,41600000,,,,,171.05,3,
2022-01-14 14:17:51.0764,1642169871,76400000,1,171.03,171.4,1,,,2
2022-01-14 14:17:53.3155,1642169873,315500000,,,,,171.06,10,
2022-01-14 14:17:56.8119,1642169876,811900000,1,171.03,171.1,54,,,8
2022-01-14 14:17:56.8119,1642169876,811900000,,,,,171.03,1,
2022-01-14 14:17:56.8119,1642169876,811900000,2,171,171.1,54,,,1
2022-01-14 14:17:56.8119,1642169876,811900000,,,,,171.03,2,
2022-01-14 14:18:13.7145,1642169893,714500000,2,170.99,171.4,1,,,14
2022-01-14 14:18:13.7145,1642169893,714500000,,,,,171,4,
2022-01-14 14:18:13.7145,1642169893,714500000,2,170.99,171.07,81,,,3
2022-01-14 14:18:13.7145,1642169893,714500000,,,,,171,1,
2022-01-14 14:18:13.7145,1642169893,714500000,4,170.98,171.07,81,,,1
2022-01-14 14:18:13.7145,1642169893,714500000,,,,,170.99,1,
2022-01-14 14:18:13.7145,1642169893,714500000,1,170.98,171.07,81,,,1
2022-01-14 14:18:13.7145,1642169893,714500000,,,,,170.98,3,
2022-01-14 14:18:13.7145,1642169893,714500000,1,170.97,171.07,81,,,1
2022-01-14 14:18:13.7145,1642169893,714500000,,,,,170.98,1,
2022-01-14 14:18:13.7145,1642169893,714500000,,,,,170.98,1,
2022-01-14 14:18:13.7145,1642169893,714500000,2,170.94,171.07,81,,,1
2022-01-14 14:18:13.7145,1642169893,714500000,,,,,170.97,1,
2022-01-14 14:18:13.8454,1642169893,845400000,6,170.89,171.4,1,,,4
2022-01-14 14:18:13.8454,1642169893,845400000,,,,,170.94,2,
2022-01-14 14:18:14.5607,1642169894,560700000,6,170.89,171.4,1,,,14
2022-01-14 14:18:14.5607,1642169894,560700000,,,,,170.9,2,
2022-01-14 14:18:14.5607,1642169894,560700000,3,170.89,171.4,1,,,1
2022-01-14 14:18:14.5607,1642169894,560700000,,,,,170.89,3,
2022-01-14 14:18:36.4996,1642169916,499600000,80,170.91,171.4,1,,,1
2022-01-14 14:18:36.4996,1642169916,499600000,,,,,170.97,35,
2022-01-14 14:18:36.4996,1642169916,499600000,,,,,170.98,75,
2022-01-14 14:18:38.0539,1642169918,53900000,3,170.89,170.98,7,,,3
2022-01-14 14:18:38.0539,1642169918,53900000,,,,,170.98,1,
2022-01-14 14:18:52.3119,1642169932,311900000,23,170.89,170.92,45,,,7
2022-01-14 14:18:52.3119,1642169932,311900000,,,,,170.92,250,
2022-01-14 14:18:52.3119,1642169932,311900000,23,170.89,170.98,7,,,1
2022-01-14 14:18:52.3119,1642169932,311900000,,,,,170.92,45,
2022-01-14 14:18:53.1888,1642169933,188800000,21,170.89,170.98,7,,,5
2022-01-14 14:18:53.1888,1642169933,188800000,,,,,170.89,2,
2022-01-14 14:18:53.1888,1642169933,188800000,6,170.88,170.98,7,,,1
2022-01-14 14:18:53.1888,1642169933,188800000,,,,,170.89,1,
2022-01-14 14:18:53.1888,1642169933,188800000,4,170.88,170.98,7,,,1
2022-01-14 14:18:53.1888,1642169933,188800000,,,,,170.88,1,
2022-01-14 14:18:53.1888,1642169933,188800000,2,170.85,170.98,7,,,1
2022-01-14 14:18:53.1888,1642169933,188800000,,,,,170.88,1,
2022-01-14 14:18:53.1888,1642169933,188800000,,,,,170.88,10,
2022-01-14 14:18:53.1888,1642169933,188800000,1,170.85,170.98,7,,,1
2022-01-14 14:18:53.1888,1642169933,188800000,,,,,170.85,1,
2022-01-14 14:18:53.1888,1642169933,188800000,1,170.82,170.98,7,,,1
2022-01-14 14:18:53.1888,1642169933,188800000,,,,,170.83,1,
2022-01-14 14:18:53.1888,1642169933,188800000,11,170.81,170.87,669,,,7
2022-01-14 14:18:53.1888,1642169933,188800000,,,,,170.82,1,
2022-01-14 14:18:53.1888,1642169933,188800000,10,170.81,170.87,69,,,6
2022-01-14 14:18:53.1888,1642169933,188800000,,,,,170.81,1,
2022-01-14 14:18:53.1888,1642169933,188800000,3,170.8,170.87,69,,,1
2022-01-14 14:18:53.1888,1642169933,188800000,,,,,170.8,1,
2022-01-14 14:18:53.1888,1642169933,188800000,1,170.79,170.87,69,,,1
2022-01-14 14:18:53.2307,1642169933,230700000,,,,,170.8,1,
2022-01-14 14:18:53.2307,1642169933,230700000,1,170.79,170.98,7,,,2
2022-01-14 14:18:53.2959,1642169933,295900000,,,,,170.85,25,
2022-01-14 14:18:53.2959,1642169933,295900000,,,,,170.86,10,
2022-01-14 14:18:53.3651,1642169933,365100000,1,170.79,170.98,7,,,2
2022-01-14 14:18:57.9573,1642169937,957300000,,,,,170.87,25,
2022-01-14 14:19:36.147,1642169976,147000000,29,170.83,170.98,7,,,4
2022-01-14 14:19:36.147,1642169976,147000000,,,,,170.9,10,
2022-01-14 14:19:36.147,1642169976,147000000,,,,,170.9,10,
2022-01-14 14:19:38.2558,1642169978,255800000,1,170.88,170.98,7,,,9
2022-01-14 14:19:42.9906,1642169982,990600000,,,,,170.9,25,
2022-01-14 14:19:42.9906,1642169982,990600000,,,,,170.9,25,
2022-01-14 14:20:19.2875,1642170019,287500000,22,170.94,171.4,1,,,3
2022-01-14 14:20:19.2875,1642170019,287500000,,,,,170.98,7,
2022-01-14 14:20:30.6137,1642170030,613700000,3,170.95,171.4,1,,,5
2022-01-14 14:20:31.5387,1642170031,538700000,,,,,170.97,1,
2022-01-14 14:20:31.9279,1642170031,927900000,,,,,170.97,1,
2022-01-14 14:21:17.9768,1642170077,976800000,5,170.95,171.4,1,,,20
2022-01-14 14:21:19.9729,1642170079,972900000,,,,,171.05,1,
2022-01-14 14:21:31.4165,1642170091,416500000,5,171,171.4,1,,,3
2022-01-14 14:21:33.4923,1642170093,492300000,,,,,171.06,1,
2022-01-14 14:22:05.9286,1642170125,928600000,4,171,171.4,1,,,9
2022-01-14 14:22:08.6768,1642170128,676800000,,,,,171.09,25,
2022-01-14 14:22:08.6768,1642170128,676800000,,,,,171.08,10,
2022-01-14 14:22:08.686,1642170128,686000000,40,170.97,171.26,26,,,4
2022-01-14 14:22:08.686,1642170128,686000000,,,,,171,4,
2022-01-14 14:22:19.3251,1642170139,325100000,40,170.97,171.4,1,,,7
2022-01-14 14:22:28.3812,1642170148,381200000,,,,,170.99,25,
2022-01-14 14:22:31.6905,1642170151,690500000,5,170.95,171.4,1,,,3
2022-01-14 14:22:31.6905,1642170151,690500000,,,,,170.97,40,
2022-01-14 14:22:32.3676,1642170152,367600000,200,170.92,170.97,51,,,6
2022-01-14 14:22:32.3676,1642170152,367600000,,,,,170.95,2,
2022-01-14 14:22:32.3676,1642170152,367600000,200,170.92,171.4,1,,,2
2022-01-14 14:22:33.8369,1642170153,836900000,,,,,170.92,200,
2022-01-14 14:22:38.7061,1642170158,706100000,1,170.88,171.4,1,,,3
2022-01-14 14:22:38.7061,1642170158,706100000,,,,,170.92,200,
2022-01-14 14:22:38.7061,1642170158,706100000,1,170.87,171.4,1,,,1
2022-01-14 14:22:38.7061,1642170158,706100000,,,,,170.88,1,
2022-01-14 14:22:42.4749,1642170162,474900000,29,170.83,171.4,1,,,9
2022-01-14 14:22:42.4749,1642170162,474900000,,,,,170.87,1,
2022-01-14 14:22:42.4749,1642170162,474900000,29,170.83,171.4,1,,,2
2022-01-14 14:22:48.7046,1642170168,704600000,,,,,170.87,25,
2022-01-14 14:22:54.5346,1642170174,534600000,1,170.87,171.4,1,,,3
2022-01-14 14:22:54.5346,1642170174,534600000,,,,,170.92,10,
2022-01-14 14:23:11.3292,1642170191,329200000,29,170.83,170.93,94,,,14
2022-01-14 14:23:11.3292,1642170191,329200000,,,,,170.87,1,
2022-01-14 14:23:11.3292,1642170191,329200000,1,170.8,170.89,27,,,5
2022-01-14 14:23:11.3292,1642170191,329200000,,,,,170.83,29,
2022-01-14 14:23:13.3195,1642170193,319500000,1,170.8,171.4,1,,,7
2022-01-14 14:23:13.3195,1642170193,319500000,,,,,170.85,1,
2022-01-14 14:23:18.0181,1642170198,18100000,36,170.85,171.4,1,,,8
2022-01-14 14:23:18.0181,1642170198,18100000,,,,,170.85,15,
2022-01-14 14:23:18.8216,1642170198,821600000,11,170.85,171.4,1,,,1
2022-01-14 14:23:18.8216,1642170198,821600000,,,,,170.85,25,
2022-01-14 14:23:18.8216,1642170198,821600000,1,170.85,171.4,1,,,1
2022-01-14 14:23:18.8888,1642170198,888800000,,,,,170.85,10,
2022-01-14 14:23:21.0103,1642170201,10300000,1,170.8,171.4,1,,,8
2022-01-14 14:23:22.3705,1642170202,370500000,,,,,170.86,100,
2022-01-14 14:23:26.2511,1642170206,251100000,1,170.8,170.88,27,,,1
2022-01-14 14:23:26.2511,1642170206,251100000,,,,,170.81,1,
2022-01-14 14:23:33.9055,1642170213,905500000,82,170.93,171.4,1,,,9
2022-01-14 14:23:33.9055,1642170213,905500000,,,,,170.98,2,
2022-01-14 14:24:03.2399,1642170243,239900000,9,170.8,170.89,64,,,18
2022-01-14 14:24:03.2399,1642170243,239900000,,,,,170.87,9,
2022-01-14 14:24:29.0612,1642170269,61200000,1,170.91,170.99,2,,,5
2022-01-14 14:24:29.1017,1642170269,101700000,,,,,170.92,1,
2022-01-14 14:24:29.1017,1642170269,101700000,6,170.86,170.96,1,,,2
2022-01-14 14:24:29.1017,1642170269,101700000,,,,,170.91,1,
2022-01-14 14:24:29.1017,1642170269,101700000,5,170.86,170.96,1,,,1
2022-01-14 14:24:29.1017,1642170269,101700000,,,,,170.86,1,
2022-01-14 14:24:29.1017,1642170269,101700000,9,170.8,170.96,1,,,1
2022-01-14 14:24:29.1017,1642170269,101700000,,,,,170.86,5,
2022-01-14 14:24:33.56,1642170273,560000000,8,170.8,170.89,23,,,6
2022-01-14 14:24:33.56,1642170273,560000000,,,,,170.8,1,
2022-01-14 14:24:33.56,1642170273,560000000,1,170.79,170.89,23,,,1
2022-01-14 14:24:33.56,1642170273,560000000,,,,,170.8,1,
2022-01-14 14:24:33.56,1642170273,560000000,1,170.79,170.85,1,,,1
2022-01-14 14:24:33.5931,1642170273,593100000,,,,,170.8,2,
2022-01-14 14:24:33.5931,1642170273,593100000,,,,,170.8,1,
2022-01-14 14:24:33.5931,1642170273,593100000,5,170.78,170.85,1,,,1
2022-01-14 14:24:33.5931,1642170273,593100000,,,,,170.79,1,
2022-01-14 14:24:33.5931,1642170273,593100000,5,170.78,170.99,2,,,4
2022-01-14 14:24:33.8808,1642170273,880800000,,,,,170.85,3,
2022-01-14 14:25:00.3213,1642170300,321300000,5,170.78,171.4,1,,,4
2022-01-14 14:25:00.3213,1642170300,321300000,,,,,170.99,2,
2022-01-14 14:25:00.3213,1642170300,321300000,300,170.99,171.4,1,,,4
2022-01-14 14:25:00.3213,1642170300,321300000,,,,,171.1,500,
2022-01-14 14:25:00.3213,1642170300,321300000,,,,,171.22,10,
2022-01-14 14:25:00.3213,1642170300,321300000,,,,,171,100,
2022-01-14 14:25:00.3213,1642170300,321300000,,,,,171,828,
2022-01-14 14:25:00.3213,1642170300,321300000,200,170.99,171.4,1,,,1
2022-01-14 14:25:00.3213,1642170300,321300000,,,,,171.05,1,
2022-01-14 14:25:00.3213,1642170300,321300000,100,171.09,171.4,1,,,3
2022-01-14 14:25:00.3213,1642170300,321300000,,,,,171.09,99,
2022-01-14 14:25:00.3213,1642170300,321300000,200,170.99,171.4,1,,,1
2022-01-14 14:25:00.3213,1642170300,321300000,,,,,171.09,100,
2022-01-14 14:25:00.3213,1642170300,321300000,,,,,171.1,8,
2022-01-14 14:25:00.3213,1642170300,321300000,,,,,171.15,50,
2022-01-14 14:25:00.3213,1642170300,321300000,,,,,171.19,100,
2022-01-14 14:25:00.3213,1642170300,321300000,,,,,171.24,20,
2022-01-14 14:25:00.3213,1642170300,321300000,409,171.13,171.4,1,,,1
2022-01-14 14:25:00.3213,1642170300,321300000,,,,,171.22,100,
2022-01-14 14:25:00.3213,1642170300,321300000,,,,,171.22,120,
2022-01-14 14:25:00.3213,1642170300,321300000,409,171.13,171.4,1,,,2
2022-01-14 14:25:00.3213,1642170300,321300000,,,,,171.24,456,
2022-01-14 14:25:57.8851,1642170357,885100000,25,171.06,171.4,1,,,19
2022-01-14 14:25:57.8851,1642170357,885100000,,,,,171.28,1,
2022-01-14 14:26:11.4147,1642170371,414700000,2,171.14,171.4,1,,,8
2022-01-14 14:26:24.5486,1642170384,548600000,,,,,171.22,5,
2022-01-14 14:26:24.5486,1642170384,548600000,,,,,171.23,5,
2022-01-14 14:26:29.4004,1642170389,400400000,3,171.1,171.23,55,,,3
2022-01-14 14:26:29.4004,1642170389,400400000,,,,,171.14,2,
2022-01-14 14:26:39.0456,1642170399,45600000,3,171.1,171.4,1,,,4
2022-01-14 14:26:39.0456,1642170399,45600000,,,,,171.13,1,
2022-01-14 14:26:39.1751,1642170399,175100000,3,171.1,171.4,1,,,4
2022-01-14 14:26:42.5767,1642170402,576700000,,,,,171.12,1,
2022-01-14 14:26:57.7548,1642170417,754800000,3,171.1,171.4,1,,,2
2022-01-14 14:26:57.7548,1642170417,754800000,,,,,171.13,1,
2022-01-14 14:27:00.1408,1642170420,140800000,3,171.1,171.35,58,,,5
2022-01-14 14:27:00.1408,1642170420,140800000,,,,,171.2,17,
2022-01-14 14:27:00.1685,1642170420,168500000,3,171.1,171.4,1,,,5
2022-01-14 14:27:03.4452,1642170423,445200000,,,,,171.18,10,
2022-01-14 14:27:03.4452,1642170423,445200000,,,,,171.16,10,
2022-01-14 14:27:03.4452,1642170423,445200000,1,171.1,171.4,1,,,1
2022-01-14 14:27:03.4452,1642170423,445200000,,,,,171.1,2,
2022-01-14 14:27:03.4452,1642170423,445200000,1,171.02,171.4,1,,,1
2022-01-14 14:27:03.4452,1642170423,445200000,,,,,171.1,1,
2022-01-14 14:27:03.4452,1642170423,445200000,23,171,171.4,1,,,10
2022-01-14 14:27:03.4452,1642170423,445200000,,,,,171.02,1,
2022-01-14 14:27:03.457,1642170423,457000000,3,171,171.16,77,,,5
2022-01-14 14:27:03.457,1642170423,457000000,,,,,171,20,
2022-01-14 14:27:03.457,1642170423,457000000,1,171,171.16,77,,,1
2022-01-14 14:27:03.457,1642170423,457000000,,,,,171,1,
2022-01-14 14:27:03.457,1642170423,457000000,1,170.97,171.16,77,,,1
2022-01-14 14:27:03.457,1642170423,457000000,,,,,171,1,
2022-01-14 14:27:03.457,1642170423,457000000,1,170.97,171.4,1,,,2
2022-01-14 14:27:03.457,1642170423,457000000,,,,,171.08,1,
2022-01-14 14:27:03.457,1642170423,457000000,1,171.02,171.4,1,,,2
2022-01-14 14:27:03.4766,1642170423,476600000,,,,,171.09,10,
2022-01-14 14:27:03.4766,1642170423,476600000,,,,,171.09,25,
2022-01-14 14:27:04.6746,1642170424,674600000,75,171.03,171.33,58,,,4
2022-01-14 14:27:04.6746,1642170424,674600000,,,,,171.03,25,
2022-01-14 14:27:36.0803,1642170456,80300000,1,170.97,171.33,58,,,20
2022-01-14 14:27:40.2143,1642170460,214300000,,,,,171.16,10,
2022-01-14 14:27:40.2143,1642170460,214300000,,,,,171.18,10,
2022-01-14 14:27:40.2143,1642170460,214300000,1250,171.22,171.4,1,,,3
2022-01-14 14:27:40.2143,1642170460,214300000,,,,,171.25,1,
2022-01-14 14:27:40.2143,1642170460,214300000,728,171.27,171.4,1,,,2
2022-01-14 14:27:40.2143,1642170460,214300000,,,,,171.27,1,
2022-01-14 14:27:40.2143,1642170460,214300000,724,171.27,171.4,1,,,1
2022-01-14 14:27:40.2143,1642170460,214300000,,,,,171.27,4,
2022-01-14 14:27:40.2143,1642170460,214300000,,,,,171.28,200,
2022-01-14 14:27:40.2143,1642170460,214300000,,,,,171.29,1,
2022-01-14 14:27:40.2143,1642170460,214300000,,,,,171.3,5,
2022-01-14 14:27:40.2143,1642170460,214300000,,,,,171.3,5,
2022-01-14 14:27:40.2143,1642170460,214300000,,,,,171.35,20,
2022-01-14 14:27:40.2143,1642170460,214300000,,,,,171.35,3,
2022-01-14 14:27:40.2143,1642170460,214300000,,,,,171.36,25,
2022-01-14 14:27:40.2143,1642170460,214300000,,,,,171.28,2,
2022-01-14 14:27:40.2143,1642170460,214300000,,,,,171.33,107,
2022-01-14 14:27:40.2143,1642170460,214300000,,,,,171.33,743,
2022-01-14 14:27:40.2143,1642170460,214300000,,,,,171.33,257,
2022-01-14 14:27:40.2143,1642170460,214300000,724,171.27,171.4,1,,,2
2022-01-14 14:27:40.2143,1642170460,214300000,,,,,171.37,599,
2022-01-14 14:27:40.22,1642170460,220000000,624,171.27,171.39,4,,,2
2022-01-14 14:27:40.22,1642170460,220000000,,,,,171.27,100,
2022-01-14 14:27:40.2375,1642170460,237500000,967,171.3,171.4,1,,,4
2022-01-14 14:27:40.2375,1642170460,237500000,,,,,171.3,283,
2022-01-14 14:27:40.2429,1642170460,242900000,959,171.3,171.4,1,,,1
2022-01-14 14:27:40.2429,1642170460,242900000,,,,,171.3,8,
2022-01-14 14:27:40.2429,1642170460,242900000,209,171.3,171.32,58,,,1
2022-01-14 14:27:40.2429,1642170460,242900000,,,,,171.3,750,
2022-01-14 14:27:40.2429,1642170460,242900000,624,171.27,171.32,58,,,1
2022-01-14 14:27:40.2429,1642170460,242900000,,,,,171.3,209,
2022-01-14 14:27:40.3478,1642170460,347800000,58,171.29,171.5,30,,,7
2022-01-14 14:27:40.3478,1642170460,347800000,,,,,171.4,1,
2022-01-14 14:27:50.211,1642170470,211000000,41,171.38,171.5,30,,,8
2022-01-14 14:27:50.211,1642170470,211000000,,,,,171.39,9,
2022-01-14 14:27:50.211,1642170470,211000000,1,171.16,171.5,30,,,1
2022-01-14 14:27:50.211,1642170470,211000000,,,,,171.39,41,
2022-01-14 14:27:50.9556,1642170470,955600000,2,171.2,171.4,5,,,7
2022-01-14 14:27:51.2068,1642170471,206800000,,,,,171.3,10,
2022-01-14 14:27:59.3701,1642170479,370100000,2,171.2,171.28,2,,,10
2022-01-14 14:27:59.3701,1642170479,370100000,,,,,171.28,3,
2022-01-14 14:28:13.3871,1642170493,387100000,3,171.2,171.28,2,,,3
2022-01-14 14:28:13.3871,1642170493,387100000,,,,,171.24,2,
2022-01-14 14:28:21.8025,1642170501,802500000,2,171.24,171.4,58,,,7
2022-01-14 14:28:21.8025,1642170501,802500000,,,,,171.28,20,
2022-01-14 14:28:35.7732,1642170515,773200000,1,171.24,171.5,30,,,13
2022-01-14 14:28:35.7732,1642170515,773200000,,,,,171.24,2,
2022-01-14 14:28:35.7732,1642170515,773200000,3,171.2,171.5,30,,,1
2022-01-14 14:28:35.7732,1642170515,773200000,,,,,171.24,1,
2022-01-14 14:28:52.2653,1642170532,265300000,1,171.22,171.38,60,,,20
2022-01-14 14:28:52.2653,1642170532,265300000,,,,,171.24,6,
2022-01-14 14:28:52.2653,1642170532,265300000,3,171.2,171.31,4,,,2
2022-01-14 14:28:52.2653,1642170532,265300000,,,,,171.22,1,
2022-01-14 14:28:57.9605,1642170537,960500000,40,171.21,171.5,30,,,10
2022-01-14 14:29:00.3295,1642170540,329500000,,,,,171.32,20,
2022-01-14 14:29:11.4637,1642170551,463700000,40,171.21,171.32,25,,,7
2022-01-14 14:29:12.7288,1642170552,728800000,,,,,171.31,10,
2022-01-14 14:29:25.4635,1642170565,463500000,40,171.21,171.26,2,,,6
2022-01-14 14:29:25.4635,1642170565,463500000,,,,,171.26,1,
2022-01-14 14:29:25.8369,1642170565,836900000,40,171.21,171.5,30,,,1
2022-01-14 14:29:25.8369,1642170565,836900000,,,,,171.26,2,
2022-01-14 14:29:39.5781,1642170579,578100000,1,171.22,171.5,30,,,5
2022-01-14 14:29:40.1113,1642170580,111300000,,,,,171.26,1,
2022-01-14 14:29:59.9563,1642170599,956300000,1,171.25,171.5,30,,,17
2022-01-14 14:30:00.0461,1642170600,46100000,,,,,171.33,52,
2022-01-14 14:30:00.0461,1642170600,46100000,,,,,171.33,4,
2022-01-14 14:30:00.1429,1642170600,142900000,5,171.35,171.41,25,,,3
2022-01-14 14:30:00.1429,1642170600,142900000,,,,,171.35,20,
2022-01-14 14:30:00.1429,1642170600,142900000,3,171.3,171.4,1,,,2
2022-01-14 14:30:00.1429,1642170600,142900000,,,,,171.31,1,
2022-01-14 14:30:00.1496,1642170600,149600000,,,,,171.31,2,
2022-01-14 14:30:00.2938,1642170600,293800000,100,171.4,171.5,30,,,22
2022-01-14 14:30:00.2938,1642170600,293800000,,,,,171.42,7,
2022-01-14 14:30:00.2938,1642170600,293800000,7,171.4,171.5,30,,,4
2022-01-14 14:30:00.2938,1642170600,293800000,,,,,171.41,100,
2022-01-14 14:30:00.3355,1642170600,335500000,3,171.34,171.45,1,,,9
2022-01-14 14:30:00.3355,1642170600,335500000,,,,,171.39,5,
2022-01-14 14:30:00.3625,1642170600,362500000,3,171.34,171.45,1,,,116
2022-01-14 14:30:00.3625,1642170600,362500000,,,,,171.42,1,
2022-01-14 14:30:00.4232,1642170600,423200000,3,171.34,171.41,21,,,7
2022-01-14 14:30:00.4232,1642170600,423200000,,,,,171.41,4,
2022-01-14 14:30:00.4767,1642170600,476700000,3,171.34,171.41,21,,,6
2022-01-14 14:30:00.505,1642170600,505000000,,,,,171.36,20,
2022-01-14 14:30:00.5224,1642170600,522400000,,,,,171.36,55,
2022-01-14 14:30:00.5655,1642170600,565500000,3,171.3,171.41,18,,,4
2022-01-14 14:30:00.5655,1642170600,565500000,,,,,171.41,3,
2022-01-14 14:30:00.5708,1642170600,570800000,3,171.3,171.41,17,,,1
2022-01-14 14:30:00.5708,1642170600,570800000,,,,,171.41,1,
2022-01-14 14:30:00.5819,1642170600,581900000,25,171.34,171.41,12,,,2
2022-01-14 14:30:00.5819,1642170600,581900000,,,,,171.41,5,
2022-01-14 14:30:00.5819,1642170600,581900000,4,171.36,171.41,12,,,1
2022-01-14 14:30:00.5877,1642170600,587700000,,,,,171.4,3,
2022-01-14 14:30:00.5934,1642170600,593400000,4,171.36,171.41,8,,,1
2022-01-14 14:30:00.5934,1642170600,593400000,,,,,171.41,4,
2022-01-14 14:30:00.5934,1642170600,593400000,4,171.36,171.41,7,,,1
2022-01-14 14:30:00.5934,1642170600,593400000,,,,,171.41,1,
2022-01-14 14:30:00.6148,1642170600,614800000,4,171.36,171.4,100,,,2
2022-01-14 14:30:00.6148,1642170600,614800000,,,,,171.37,4,
2022-01-14 14:30:00.6148,1642170600,614800000,1,171.36,171.4,125,,,2
2022-01-14 14:30:00.6148,1642170600,614800000,,,,,171.36,3,
2022-01-14 14:30:00.6148,1642170600,614800000,1,171.36,171.4,125,,,2
2022-01-14 14:30:00.6148,1642170600,614800000,,,,,171.38,7,
2022-01-14 14:30:00.6148,1642170600,614800000,1,171.36,171.4,125,,,2
2022-01-14 14:30:00.6148,1642170600,614800000,,,,,171.37,7,
2022-01-14 14:30:00.6148,1642170600,614800000,1,171.36,171.38,9,,,5
2022-01-14 14:30:00.6148,1642170600,614800000,,,,,171.38,1,
2022-01-14 14:30:00.6279,1642170600,627900000,1,171.36,171.38,3,,,1
2022-01-14 14:30:00.6279,1642170600,627900000,,,,,171.38,6,
2022-01-14 14:30:00.6331,1642170600,633100000,1,171.36,171.4,25,,,1
2022-01-14 14:30:00.6331,1642170600,633100000,,,,,171.38,3,
2022-01-14 14:30:00.6384,1642170600,638400000,3,171.31,171.38,200,,,5
2022-01-14 14:30:00.6384,1642170600,638400000,,,,,171.35,25,
2022-01-14 14:30:00.6713,1642170600,671300000,3,171.31,171.37,193,,,8
2022-01-14 14:30:00.6713,1642170600,671300000,,,,,171.37,2,
2022-01-14 14:30:00.6769,1642170600,676900000,3,171.31,171.37,192,,,1
2022-01-14 14:30:00.6769,1642170600,676900000,,,,,171.37,1,
2022-01-14 14:30:00.6883,1642170600,688300000,3,171.31,171.37,186,,,1
2022-01-14 14:30:00.6883,1642170600,688300000,,,,,171.37,6,
2022-01-14 14:30:00.6999,1642170600,699900000,3,171.31,171.37,185,,,1
2022-01-14 14:30:00.6999,1642170600,699900000,,,,,171.37,1,
2022-01-14 14:30:00.7452,1642170600,745200000,25,171.32,171.37,183,,,2
2022-01-14 14:30:00.7452,1642170600,745200000,,,,,171.37,2,
2022-01-14 14:30:00.7666,1642170600,766600000,25,171.32,171.37,181,,,1
2022-01-14 14:30:00.7666,1642170600,766600000,,,,,171.37,2,
2022-01-14 14:30:00.7723,1642170600,772300000,25,171.32,171.37,178,,,1
2022-01-14 14:30:00.7723,1642170600,772300000,,,,,171.37,3,
2022-01-14 14:30:00.778,1642170600,778000000,25,171.32,171.37,176,,,1
2022-01-14 14:30:00.778,1642170600,778000000,,,,,171.37,2,
2022-01-14 14:30:00.7836,1642170600,783600000,25,171.32,171.37,157,,,1
2022-01-14 14:30:00.7836,1642170600,783600000,,,,,171.37,19,
2022-01-14 14:30:00.7898,1642170600,789800000,25,171.32,171.37,141,,,1
2022-01-14 14:30:00.7898,1642170600,789800000,,,,,171.37,16,
2022-01-14 14:30:00.8008,1642170600,800800000,25,171.32,171.37,130,,,1
2022-01-14 14:30:00.8008,1642170600,800800000,,,,,171.37,11,
2022-01-14 14:30:00.8063,1642170600,806300000,25,171.32,171.37,128,,,1
2022-01-14 14:30:00.8063,1642170600,806300000,,,,,171.37,2,
2022-01-14 14:30:00.8063,1642170600,806300000,25,171.32,171.37,127,,,1
2022-01-14 14:30:00.8063,1642170600,806300000,,,,,171.37,1,
2022-01-14 14:30:00.818,1642170600,818000000,25,171.32,171.39,25,,,1
2022-01-14 14:30:00.818,1642170600,818000000,,,,,171.37,127,
2022-01-14 14:30:01.0703,1642170601,70300000,25,171.32,171.39,25,,,30
2022-01-14 14:30:01.0703,1642170601,70300000,,,,,171.38,4,
2022-01-14 14:30:01.1521,1642170601,152100000,4,171.35,171.38,46,,,7
2022-01-14 14:30:01.1521,1642170601,152100000,,,,,171.38,29,
2022-01-14 14:30:01.1521,1642170601,152100000,4,171.35,171.41,4,,,1
2022-01-14 14:30:01.1521,1642170601,152100000,,,,,171.38,46,
2022-01-14 14:30:01.1521,1642170601,152100000,100,171.37,171.41,4,,,2
2022-01-14 14:30:01.1521,1642170601,152100000,,,,,171.39,100,
2022-01-14 14:30:01.163,1642170601,163000000,4,171.35,171.45,1,,,3
2022-01-14 14:30:01.1904,1642170601,190400000,,,,,171.365,100,
2022-01-14 14:30:01.2575,1642170601,257500000,100,171.36,171.45,1,,,60
2022-01-14 14:30:01.2754,1642170601,275400000,,,,,171.37,1,
2022-01-14 14:30:01.3087,1642170601,308700000,4,171.35,171.45,1,,,1
2022-01-14 14:30:01.3087,1642170601,308700000,,,,,171.36,100,
2022-01-14 14:30:01.3144,1642170601,314400000,25,171.32,171.4,100,,,6
2022-01-14 14:30:01.3144,1642170601,314400000,,,,,171.35,4,
2022-01-14 14:30:01.6048,1642170601,604800000,100,171.35,171.41,4,,,130
2022-01-14 14:30:01.6218,1642170601,621800000,,,,,171.36,25,
2022-01-14 14:30:01.7063,1642170601,706300000,25,171.32,171.45,1,,,4
2022-01-14 14:30:01.7063,1642170601,706300000,,,,,171.445,100,
2022-01-14 14:30:01.7344,1642170601,734400000,25,171.32,171.45,201,,,16
2022-01-14 14:30:01.7344,1642170601,734400000,,,,,171.42,100,
2022-01-14 14:30:01.7399,1642170601,739900000,48,171.43,171.45,201,,,6
2022-01-14 14:30:01.7399,1642170601,739900000,,,,,171.43,100,
2022-01-14 14:30:01.7399,1642170601,739900000,25,171.32,171.45,201,,,1
2022-01-14 14:30:01.7399,1642170601,739900000,,,,,171.43,48,
2022-01-14 14:30:01.7399,1642170601,739900000,25,171.32,171.44,207,,,5
2022-01-14 14:30:01.7474,1642170601,747400000,,,,,171.38,16,
2022-01-14 14:30:01.7474,1642170601,747400000,25,171.32,171.44,200,,,2
2022-01-14 14:30:01.7474,1642170601,747400000,,,,,171.43,2,
2022-01-14 14:30:01.7529,1642170601,752900000,100,171.4,171.43,7,,,6
2022-01-14 14:30:01.7529,1642170601,752900000,,,,,171.42,25,
2022-01-14 14:30:01.7529,1642170601,752900000,100,171.4,171.45,201,,,1
2022-01-14 14:30:01.7529,1642170601,752900000,,,,,171.43,19,
2022-01-14 14:30:01.7529,1642170601,752900000,25,171.32,171.42,107,,,5
2022-01-14 14:30:01.7529,1642170601,752900000,,,,,171.4,100,
2022-01-14 14:30:01.7697,1642170601,769700000,25,171.32,171.36,100,,,8
2022-01-14 14:30:01.7697,1642170601,769700000,,,,,171.355,100,
2022-01-14 14:30:01.7697,1642170601,769700000,3,171.31,171.36,100,,,7
2022-01-14 14:30:01.7697,1642170601,769700000,,,,,171.32,29,
2022-01-14 14:30:01.7752,1642170601,775200000,25,171.32,171.43,29,,,2
2022-01-14 14:30:01.7807,1642170601,780700000,,,,,171.36,2,
2022-01-14 14:30:01.9099,1642170601,909900000,23,171.32,171.39,4,,,19
2022-01-14 14:30:01.9099,1642170601,909900000,,,,,171.32,2,
2022-01-14 14:30:01.9317,1642170601,931700000,,,,,171.35,4,
2022-01-14 14:30:01.9317,1642170601,931700000,,,,,171.36,67,
2022-01-14 14:30:02.0573,1642170602,57300000,3,171.31,171.39,4,,,23
2022-01-14 14:30:02.0676,1642170602,67600000,,,,,171.32,3,
2022-01-14 14:30:02.0676,1642170602,67600000,3,171.3,171.39,4,,,1
2022-01-14 14:30:02.0676,1642170602,67600000,,,,,171.31,3,
2022-01-14 14:30:02.0778,1642170602,77800000,1,171.25,171.39,4,,,1
2022-01-14 14:30:02.0778,1642170602,77800000,,,,,171.3,3,
2022-01-14 14:30:02.1338,1642170602,133800000,1,171.25,171.39,4,,,4
2022-01-14 14:30:02.1725,1642170602,172500000,,,,,171.35,2,
2022-01-14 14:30:02.2728,1642170602,272800000,90,171.25,171.39,4,,,46
2022-01-14 14:30:02.2728,1642170602,272800000,,,,,171.35,2,
2022-01-14 14:30:02.2784,1642170602,278400000,90,171.25,171.39,4,,,6
2022-01-14 14:30:02.3236,1642170602,323600000,,,,,171.3,25,
2022-01-14 14:30:02.7368,1642170602,736800000,4,171.31,171.36,100,,,144
2022-01-14 14:30:02.7368,1642170602,736800000,,,,,171.31,96,
2022-01-14 14:30:02.9795,1642170602,979500000,25,171.3,171.35,4,,,7
2022-01-14 14:30:02.9795,1642170602,979500000,,,,,171.35,3,
2022-01-14 14:30:02.9795,1642170602,979500000,100,171.32,171.36,100,,,4
2022-01-14 14:30:02.9795,1642170602,979500000,,,,,171.35,4,
2022-01-14 14:30:03.0333,1642170603,33300000,100,171.32,171.36,100,,,10
2022-01-14 14:30:03.0333,1642170603,33300000,,,,,171.32,4,
2022-01-14 14:30:03.0333,1642170603,33300000,89,171.32,171.36,100,,,1
2022-01-14 14:30:03.0333,1642170603,33300000,,,,,171.32,11,
2022-01-14 14:30:03.163,1642170603,163000000,38,171.31,171.35,100,,,6
2022-01-14 14:30:03.163,1642170603,163000000,,,,,171.31,66,
2022-01-14 14:30:03.163,1642170603,163000000,4,171.31,171.35,100,,,1
2022-01-14 14:30:03.163,1642170603,163000000,,,,,171.31,34,
2022-01-14 14:30:03.163,1642170603,163000000,100,171.28,171.34,11,,,4
2022-01-14 14:30:03.163,1642170603,163000000,,,,,171.31,4,
2022-01-14 14:30:03.2024,1642170603,202400000,100,171.3,171.35,4,,,10
2022-01-14 14:30:03.2024,1642170603,202400000,,,,,171.34,4,
2022-01-14 14:30:03.2024,1642170603,202400000,100,171.3,171.36,4,,,1
2022-01-14 14:30:03.2024,1642170603,202400000,,,,,171.36,100,
2022-01-14 14:30:03.4125,1642170603,412500000,204,171.31,171.39,4,,,14
2022-01-14 14:30:03.4176,1642170603,417600000,,,,,171.32,4,
2022-01-14 14:30:03.4176,1642170603,417600000,4,171.3,171.39,4,,,1
2022-01-14 14:30:03.4176,1642170603,417600000,,,,,171.31,100,
2022-01-14 14:30:03.4176,1642170603,417600000,,,,,171.31,100,
2022-01-14 14:30:03.4176,1642170603,417600000,,,,,171.31,100,
2022-01-14 14:30:03.4176,1642170603,417600000,104,171.3,171.34,100,,,4
2022-01-14 14:30:03.4176,1642170603,417600000,,,,,171.31,62,
2022-01-14 14:30:03.4176,1642170603,417600000,4,171.3,171.33,7,,,2
2022-01-14 14:30:03.4176,1642170603,417600000,,,,,171.32,4,
2022-01-14 14:30:03.4176,1642170603,417600000,,,,,171.31,3,
2022-01-14 14:30:03.4176,1642170603,417600000,,,,,171.31,10,
2022-01-14 14:30:03.4235,1642170603,423500000,4,171.3,171.32,92,,,4
2022-01-14 14:30:03.4235,1642170603,423500000,,,,,171.31,100,
2022-01-14 14:30:03.4235,1642170603,423500000,,,,,171.31,100,
2022-01-14 14:30:03.4235,1642170603,423500000,25,171.29,171.31,100,,,3
2022-01-14 14:30:03.4235,1642170603,423500000,,,,,171.3,4,
2022-01-14 14:30:03.4235,1642170603,423500000,25,171.29,171.32,7,,,1
2022-01-14 14:30:03.4235,1642170603,423500000,,,,,171.31,100,
2022-01-14 14:30:03.4235,1642170603,423500000,,,,,171.31,13,
2022-01-14 14:30:03.4235,1642170603,423500000,25,171.28,171.34,108,,,5
2022-01-14 14:30:03.4235,1642170603,423500000,,,,,171.31,100,
2022-01-14 14:30:03.4235,1642170603,423500000,25,171.28,171.33,7,,,3
2022-01-14 14:30:03.4235,1642170603,423500000,,,,,171.31,100,
2022-01-14 14:30:03.4235,1642170603,423500000,,,,,171.31,100,
2022-01-14 14:30:03.4235,1642170603,423500000,25,171.28,171.34,108,,,5
2022-01-14 14:30:03.4235,1642170603,423500000,,,,,171.31,100,
2022-01-14 14:30:03.4294,1642170603,429400000,25,171.28,171.39,4,,,3
2022-01-14 14:30:03.4294,1642170603,429400000,,,,,171.31,100,
2022-01-14 14:30:03.4294,1642170603,429400000,60,171.31,171.34,8,,,10
2022-01-14 14:30:03.4294,1642170603,429400000,,,,,171.31,40,
2022-01-14 14:30:03.4974,1642170603,497400000,100,171.35,171.39,4,,,22
2022-01-14 14:30:03.52,1642170603,520000000,,,,,171.38,4,
2022-01-14 14:30:03.5472,1642170603,547200000,100,171.35,171.44,29,,,3
2022-01-14 14:30:03.5472,1642170603,547200000,,,,,171.39,4,
2022-01-14 14:30:03.5525,1642170603,552500000,100,171.38,171.44,29,,,6
2022-01-14 14:30:03.5525,1642170603,552500000,,,,,171.4,30,
2022-01-14 14:30:03.5525,1642170603,552500000,97,171.38,171.44,29,,,1
2022-01-14 14:30:03.5525,1642170603,552500000,,,,,171.38,3,
2022-01-14 14:30:03.64,1642170603,640000000,200,171.36,171.43,4,,,13
2022-01-14 14:30:03.6509,1642170603,650900000,,,,,171.37,1,
2022-01-14 14:30:03.6839,1642170603,683900000,,,,,171.37,99,
2022-01-14 14:30:03.6839,1642170603,683900000,199,171.36,171.43,4,,,1
2022-01-14 14:30:03.6896,1642170603,689600000,,,,,171.36,1,
2022-01-14 14:30:03.8538,1642170603,853800000,100,171.34,171.39,22,,,17
2022-01-14 14:30:03.9991,1642170603,999100000,,,,,171.35,100,
2022-01-14 14:30:04.0059,1642170604,5900000,100,171.31,171.39,22,,,2
2022-01-14 14:30:04.0059,1642170604,5900000,,,,,171.34,100,
2022-01-14 14:30:04.0334,1642170604,33400000,4700,171.34,171.39,47,,,11
2022-01-14 14:30:04.0334,1642170604,33400000,,,,,171.34,1300,
2022-01-14 14:30:04.0334,1642170604,33400000,4564,171.34,171.39,47,,,1
2022-01-14 14:30:04.0334,1642170604,33400000,,,,,171.34,136,
2022-01-14 14:30:04.0334,1642170604,33400000,4494,171.34,171.36,100,,,2
2022-01-14 14:30:04.0334,1642170604,33400000,,,,,171.34,70,
2022-01-14 14:30:04.3908,1642170604,390800000,6100,171.36,171.39,133,,,22
2022-01-14 14:30:04.3908,1642170604,390800000,,,,,171.36,100,
2022-01-14 14:30:04.4355,1642170604,435500000,6000,171.36,171.39,172,,,2
2022-01-14 14:30:04.4355,1642170604,435500000,,,,,171.36,100,
2022-01-14 14:30:04.4601,1642170604,460100000,6000,171.36,171.39,154,,,1
2022-01-14 14:30:04.4601,1642170604,460100000,,,,,171.39,1,
2022-01-14 14:30:04.4601,1642170604,460100000,6000,171.36,171.39,129,,,1
2022-01-14 14:30:04.4601,1642170604,460100000,,,,,171.39,25,
2022-01-14 14:30:04.4601,1642170604,460100000,6000,171.36,171.39,118,,,1
2022-01-14 14:30:04.4601,1642170604,460100000,,,,,171.39,7,
2022-01-14 14:30:04.4601,1642170604,460100000,6000,171.36,171.39,39,,,1
2022-01-14 14:30:04.4601,1642170604,460100000,,,,,171.39,24,
2022-01-14 14:30:04.4601,1642170604,460100000,6000,171.36,171.42,4,,,1
2022-01-14 14:30:04.4601,1642170604,460100000,,,,,171.39,39,
2022-01-14 14:30:04.4654,1642170604,465400000,200,171.37,171.43,4,,,7
2022-01-14 14:30:04.4654,1642170604,465400000,,,,,171.39,100,
2022-01-14 14:30:04.4832,1642170604,483200000,100,171.38,171.43,4,,,7
2022-01-14 14:30:04.4832,1642170604,483200000,,,,,171.39,40,
2022-01-14 14:30:04.5167,1642170604,516700000,68,171.39,171.43,4,,,2
2022-01-14 14:30:04.5167,1642170604,516700000,,,,,171.39,32,
2022-01-14 14:30:04.5956,1642170604,595600000,100,171.38,171.43,4,,,6
2022-01-14 14:30:04.5956,1642170604,595600000,,,,,171.4,9,
2022-01-14 14:30:04.5956,1642170604,595600000,100,171.4,171.45,201,,,4
2022-01-14 14:30:04.5956,1642170604,595600000,,,,,171.43,4,
2022-01-14 14:30:04.7004,1642170604,700400000,11,171.41,171.5,102,,,114
2022-01-14 14:30:04.7004,1642170604,700400000,,,,,171.45,200,
2022-01-14 14:30:04.7963,1642170604,796300000,104,171.42,171.49,26,,,88
2022-01-14 14:30:04.7963,1642170604,796300000,,,,,171.43,4,
2022-01-14 14:30:04.7963,1642170604,796300000,8,171.44,171.46,7,,,4
2022-01-14 14:30:04.7963,1642170604,796300000,,,,,171.44,92,
2022-01-14 14:30:04.7963,1642170604,796300000,104,171.42,171.47,7,,,1
2022-01-14 14:30:04.7963,1642170604,796300000,,,,,171.44,8,
2022-01-14 14:30:04.9629,1642170604,962900000,4,171.4,171.49,30,,,15
2022-01-14 14:30:04.9629,1642170604,962900000,,,,,171.43,55,
2022-01-14 14:30:04.9876,1642170604,987600000,4,171.4,171.49,30,,,7
2022-01-14 14:30:04.9876,1642170604,987600000,,,,,171.43,1,
2022-01-14 14:30:04.9876,1642170604,987600000,7,171.41,171.49,30,,,1
2022-01-14 14:30:04.9876,1642170604,987600000,,,,,171.45,1,
2022-01-14 14:30:05.0043,1642170605,4300000,4,171.4,171.49,30,,,1
2022-01-14 14:30:05.0275,1642170605,27500000,,,,,171.42,100,
2022-01-14 14:30:05.0725,1642170605,72500000,104,171.39,171.45,65,,,7
2022-01-14 14:30:05.0725,1642170605,72500000,,,,,171.4,100,
2022-01-14 14:30:05.219,1642170605,219000000,200,171.42,171.45,65,,,14
2022-01-14 14:30:05.219,1642170605,219000000,,,,,171.43,4,
2022-01-14 14:30:05.219,1642170605,219000000,100,171.42,171.45,65,,,7
2022-01-14 14:30:05.219,1642170605,219000000,,,,,171.43,100,
2022-01-14 14:30:05.3669,1642170605,366900000,200,171.42,171.45,39,,,3
2022-01-14 14:30:05.3669,1642170605,366900000,,,,,171.45,49,
2022-01-14 14:30:05.3669,1642170605,366900000,200,171.42,171.45,23,,,1
2022-01-14 14:30:05.3669,1642170605,366900000,,,,,171.45,16,
2022-01-14 14:30:05.3669,1642170605,366900000,200,171.42,171.49,30,,,1
2022-01-14 14:30:05.3669,1642170605,366900000,,,,,171.45,49,
2022-01-14 14:30:05.3669,1642170605,366900000,206,171.42,171.49,30,,,1
2022-01-14 14:30:05.3669,1642170605,366900000,,,,,171.45,39,
2022-01-14 14:30:05.3669,1642170605,366900000,7,171.43,171.49,30,,,1
2022-01-14 14:30:05.3669,1642170605,366900000,,,,,171.45,12,
2022-01-14 14:30:05.6935,1642170605,693500000,25,171.43,171.49,4,,,20
2022-01-14 14:30:05.6935,1642170605,693500000,,,,,171.49,1,
2022-01-14 14:30:05.6935,1642170605,693500000,25,171.43,171.5,102,,,1
2022-01-14 14:30:05.6935,1642170605,693500000,,,,,171.49,4,
2022-01-14 14:30:05.6935,1642170605,693500000,,,,,171.49,5,
2022-01-14 14:30:05.6935,1642170605,693500000,100,171.47,171.5,102,,,2
2022-01-14 14:30:05.6935,1642170605,693500000,,,,,171.49,100,
2022-01-14 14:30:05.6935,1642170605,693500000,,,,,171.49,95,
2022-01-14 14:30:05.6935,1642170605,693500000,,,,,171.49,7,
2022-01-14 14:30:05.6935,1642170605,693500000,100,171.47,171.5,72,,,1
2022-01-14 14:30:05.6935,1642170605,693500000,,,,,171.5,30,
2022-01-14 14:30:05.6935,1642170605,693500000,100,171.47,171.59,29,,,1
2022-01-14 14:30:05.6935,1642170605,693500000,,,,,171.5,57,
2022-01-14 14:30:05.6935,1642170605,693500000,,,,,171.5,43,
2022-01-14 14:30:05.6935,1642170605,693500000,,,,,171.5,102,
2022-01-14 14:30:05.6935,1642170605,693500000,,,,,171.5,102,
2022-01-14 14:30:05.6935,1642170605,693500000,,,,,171.5,102,
2022-01-14 14:30:05.6986,1642170605,698600000,,,,,171.5,1,
2022-01-14 14:30:05.6986,1642170605,698600000,,,,,171.5,1,
2022-01-14 14:30:05.6986,1642170605,698600000,,,,,171.48,7,
2022-01-14 14:30:05.7041,1642170605,704100000,108,171.51,171.59,29,,,11
2022-01-14 14:30:05.7041,1642170605,704100000,,,,,171.51,92,
2022-01-14 14:30:05.7253,1642170605,725300000,100,171.53,171.59,29,,,5
2022-01-14 14:30:05.7253,1642170605,725300000,,,,,171.55,100,
2022-01-14 14:30:05.8327,1642170605,832700000,100,171.55,171.6,16,,,9
2022-01-14 14:30:05.8554,1642170605,855400000,,,,,171.57,2,
2022-01-14 14:30:05.9247,1642170605,924700000,100,171.54,171.57,100,,,11
2022-01-14 14:30:05.9247,1642170605,924700000,,,,,171.55,100,
2022-01-14 14:30:05.9247,1642170605,924700000,2,171.54,171.57,100,,,1
2022-01-14 14:30:05.9247,1642170605,924700000,,,,,171.54,98,
2022-01-14 14:30:05.9247,1642170605,924700000,100,171.53,171.56,100,,,2
2022-01-14 14:30:05.9247,1642170605,924700000,,,,,171.54,2,
2022-01-14 14:30:05.9247,1642170605,924700000,92,171.54,171.57,100,,,2
2022-01-14 14:30:05.9247,1642170605,924700000,,,,,171.56,100,
2022-01-14 14:30:05.9247,1642170605,924700000,192,171.54,171.57,100,,,1
2022-01-14 14:30:05.9247,1642170605,924700000,,,,,171.56,25,
2022-01-14 14:30:05.9302,1642170605,930200000,201,171.55,171.6,16,,,3
2022-01-14 14:30:05.9302,1642170605,930200000,,,,,171.57,100,
2022-01-14 14:30:05.9302,1642170605,930200000,375,171.56,171.6,16,,,2
2022-01-14 14:30:05.9302,1642170605,930200000,,,,,171.57,4,
2022-01-14 14:30:05.9302,1642170605,930200000,9,171.56,171.6,16,,,1
2022-01-14 14:30:05.9302,1642170605,930200000,,,,,171.56,366,
2022-01-14 14:30:05.9302,1642170605,930200000,192,171.55,171.6,16,,,1
2022-01-14 14:30:05.9302,1642170605,930200000,,,,,171.56,9,
2022-01-14 14:30:05.9302,1642170605,930200000,92,171.55,171.58,7,,,7
2022-01-14 14:30:05.9302,1642170605,930200000,,,,,171.57,167,
2022-01-14 14:30:06.0343,1642170606,34300000,100,171.57,171.6,16,,,7
2022-01-14 14:30:06.0343,1642170606,34300000,,,,,171.57,1,
2022-01-14 14:30:06.0636,1642170606,63600000,200,171.57,171.63,33,,,2
2022-01-14 14:30:06.0636,1642170606,63600000,,,,,171.6,16,
2022-01-14 14:30:06.1764,1642170606,176400000,101,171.59,171.63,33,,,7
2022-01-14 14:30:06.3226,1642170606,322600000,,,,,171.62,1,
2022-01-14 14:30:06.5676,1642170606,567600000,,,,,171.6,4,
2022-01-14 14:30:06.5676,1642170606,567600000,1,171.59,171.63,33,,,1
2022-01-14 14:30:06.5676,1642170606,567600000,,,,,171.59,100,
2022-01-14 14:30:06.5676,1642170606,567600000,25,171.56,171.63,33,,,1
2022-01-14 14:30:06.5676,1642170606,567600000,,,,,171.59,1,
2022-01-14 14:30:06.5969,1642170606,596900000,25,171.56,171.63,33,,,7
2022-01-14 14:30:06.5969,1642170606,596900000,,,,,171.58,100,
2022-01-14 14:30:06.6475,1642170606,647500000,9,171.54,171.59,700,,,8
2022-01-14 14:30:06.6475,1642170606,647500000,,,,,171.57,100,
2022-01-14 14:30:06.7981,1642170606,798100000,193,171.56,171.59,700,,,5
2022-01-14 14:30:06.7981,1642170606,798100000,,,,,171.56,7,
2022-01-14 14:30:06.8433,1642170606,843300000,9,171.54,171.59,700,,,1
2022-01-14 14:30:06.8433,1642170606,843300000,,,,,171.56,193,
2022-01-14 14:30:06.9149,1642170606,914900000,9,171.54,171.59,656,,,7
2022-01-14 14:30:06.9149,1642170606,914900000,,,,,171.59,44,
2022-01-14 14:30:06.9149,1642170606,914900000,9,171.54,171.63,33,,,1
2022-01-14 14:30:06.9149,1642170606,914900000,,,,,171.59,656,
2022-01-14 14:30:06.9149,1642170606,914900000,132,171.56,171.63,33,,,5
2022-01-14 14:30:06.9149,1642170606,914900000,,,,,171.59,100,
2022-01-14 14:30:07.4428,1642170607,442800000,190,171.56,171.63,33,,,6
2022-01-14 14:30:07.4428,1642170607,442800000,,,,,171.56,10,
2022-01-14 14:30:07.4428,1642170607,442800000,56,171.56,171.63,33,,,1
2022-01-14 14:30:07.4428,1642170607,442800000,,,,,171.56,44,
2022-01-14 14:30:07.4428,1642170607,442800000,9,171.54,171.63,33,,,1
2022-01-14 14:30:07.4428,1642170607,442800000,,,,,171.56,56,
2022-01-14 14:30:07.4428,1642170607,442800000,182,171.55,171.58,106,,,7
2022-01-14 14:30:07.4428,1642170607,442800000,,,,,171.55,10,
2022-01-14 14:30:07.4428,1642170607,442800000,92,171.55,171.58,106,,,1
2022-01-14 14:30:07.4428,1642170607,442800000,,,,,171.55,90,
2022-01-14 14:30:07.4428,1642170607,442800000,82,171.55,171.58,106,,,1
2022-01-14 14:30:07.4428,1642170607,442800000,,,,,171.55,10,
2022-01-14 14:30:07.4428,1642170607,442800000,9,171.54,171.58,106,,,1
2022-01-14 14:30:07.4428,1642170607,442800000,,,,,171.55,82,
2022-01-14 14:30:07.4428,1642170607,442800000,100,171.53,171.58,100,,,2
2022-01-14 14:30:07.4428,1642170607,442800000,,,,,171.54,9,
2022-01-14 14:30:07.4428,1642170607,442800000,100,171.53,171.57,100,,,5
2022-01-14 14:30:07.4428,1642170607,442800000,,,,,171.56,10,
2022-01-14 14:30:07.5842,1642170607,584200000,100,171.53,171.62,89,,,4
2022-01-14 14:30:07.5842,1642170607,584200000,,,,,171.54,100,
2022-01-14 14:30:07.621,1642170607,621000000,196,171.53,171.62,89,,,4
2022-01-14 14:30:07.621,1642170607,621000000,,,,,171.53,4,
2022-01-14 14:30:07.621,1642170607,621000000,100,171.53,171.62,89,,,1
2022-01-14 14:30:07.621,1642170607,621000000,,,,,171.53,96,
2022-01-14 14:30:07.621,1642170607,621000000,100,171.52,171.62,89,,,1
2022-01-14 14:30:07.621,1642170607,621000000,,,,,171.53,100,
2022-01-14 14:30:07.6265,1642170607,626500000,100,171.49,171.62,89,,,5
2022-01-14 14:30:07.6265,1642170607,626500000,,,,,171.53,100,
2022-01-14 14:30:07.7963,1642170607,796300000,100,171.49,171.54,300,,,10
2022-01-14 14:30:07.7963,1642170607,796300000,,,,,171.52,100,
2022-01-14 14:30:07.7963,1642170607,796300000,100,171.49,171.6,89,,,2
2022-01-14 14:30:07.7963,1642170607,796300000,,,,,171.53,7,
2022-01-14 14:30:07.7963,1642170607,796300000,1,171.52,171.53,300,,,3
2022-01-14 14:30:07.7963,1642170607,796300000,,,,,171.52,7,
2022-01-14 14:30:07.7963,1642170607,796300000,6,171.52,171.53,300,,,1
2022-01-14 14:30:07.7963,1642170607,796300000,,,,,171.52,1,
2022-01-14 14:30:07.8016,1642170607,801600000,100,171.5,171.52,415,,,12
2022-01-14 14:30:07.8016,1642170607,801600000,,,,,171.51,100,
2022-01-14 14:30:07.8016,1642170607,801600000,100,171.5,171.52,419,,,4
2022-01-14 14:30:07.8016,1642170607,801600000,,,,,171.52,3,
2022-01-14 14:30:07.8016,1642170607,801600000,100,171.5,171.52,419,,,2
2022-01-14 14:30:07.8016,1642170607,801600000,,,,,171.51,92,
2022-01-14 14:30:07.8016,1642170607,801600000,200,171.5,171.51,245,,,10
2022-01-14 14:30:07.8016,1642170607,801600000,,,,,171.51,70,
2022-01-14 14:30:07.8016,1642170607,801600000,100,171.49,171.51,245,,,2
2022-01-14 14:30:07.8016,1642170607,801600000,,,,,171.5,100,
2022-01-14 14:30:07.8016,1642170607,801600000,100,171.49,171.51,330,,,7
2022-01-14 14:30:07.8016,1642170607,801600000,,,,,171.5,36,
2022-01-14 14:30:07.8076,1642170607,807600000,368,171.5,171.51,164,,,5
2022-01-14 14:30:07.8076,1642170607,807600000,,,,,171.51,66,
2022-01-14 14:30:07.8128,1642170607,812800000,468,171.5,171.52,97,,,2
2022-01-14 14:30:07.8128,1642170607,812800000,,,,,171.51,164,
2022-01-14 14:30:07.8903,1642170607,890300000,468,171.51,171.52,89,,,6
2022-01-14 14:30:07.8903,1642170607,890300000,,,,,171.52,8,
2022-01-14 14:30:07.8903,1642170607,890300000,376,171.51,171.52,89,,,1
2022-01-14 14:30:07.8903,1642170607,890300000,,,,,171.51,92,
2022-01-14 14:30:07.8903,1642170607,890300000,291,171.51,171.52,89,,,4
2022-01-14 14:30:07.8903,1642170607,890300000,,,,,171.51,70,
2022-01-14 14:30:07.8903,1642170607,890300000,221,171.51,171.52,89,,,1
2022-01-14 14:30:07.8903,1642170607,890300000,,,,,171.51,70,
2022-01-14 14:30:07.8903,1642170607,890300000,100,171.49,171.52,89,,,1
2022-01-14 14:30:07.8903,1642170607,890300000,,,,,171.51,221,
2022-01-14 14:30:07.9461,1642170607,946100000,100,171.49,171.52,89,,,4
2022-01-14 14:30:07.9461,1642170607,946100000,,,,,171.5,100,
2022-01-14 14:30:07.9461,1642170607,946100000,100,171.47,171.52,89,,,7
2022-01-14 14:30:07.9461,1642170607,946100000,,,,,171.51,7,
2022-01-14 14:30:07.9461,1642170607,946100000,7,171.49,171.52,89,,,2
2022-01-14 14:30:07.9461,1642170607,946100000,,,,,171.5,7,
2022-01-14 14:30:08.3324,1642170608,332400000,25,171.43,171.5,7,,,5
2022-01-14 14:30:08.3324,1642170608,332400000,,,,,171.47,100,
2022-01-14 14:30:08.4152,1642170608,415200000,25,171.45,171.52,89,,,7
2022-01-14 14:30:08.4152,1642170608,415200000,,,,,171.47,100,
2022-01-14 14:30:09.8353,1642170609,835300000,296,171.42,171.52,189,,,22
2022-01-14 14:30:09.8353,1642170609,835300000,,,,,171.42,4,
2022-01-14 14:30:10.4045,1642170610,404500000,125,171.41,171.52,189,,,4
2022-01-14 14:30:10.4045,1642170610,404500000,,,,,171.42,100,
2022-01-14 14:30:10.6703,1642170610,670300000,100,171.41,171.51,89,,,5
2022-01-14 14:30:10.6703,1642170610,670300000,,,,,171.42,100,
2022-01-14 14:30:10.8003,1642170610,800300000,100,171.41,171.52,189,,,8
2022-01-14 14:30:10.8003,1642170610,800300000,,,,,171.43,100,
2022-01-14 14:30:11.0584,1642170611,58400000,75,171.41,171.52,189,,,5
2022-01-14 14:30:11.0584,1642170611,58400000,,,,,171.41,25,
2022-01-14 14:30:11.1354,1642170611,135400000,25,171.39,171.51,89,,,2
2022-01-14 14:30:11.1354,1642170611,135400000,,,,,171.41,75,
2022-01-14 14:30:11.1354,1642170611,135400000,89,171.33,171.51,189,,,5
2022-01-14 14:30:11.1354,1642170611,135400000,,,,,171.41,25,
2022-01-14 14:30:12.0802,1642170612,80200000,100,171.37,171.41,25,,,32
2022-01-14 14:30:12.0802,1642170612,80200000,,,,,171.4,4,
2022-01-14 14:30:12.0802,1642170612,80200000,129,171.32,171.43,100,,,4
2022-01-14 14:30:12.0802,1642170612,80200000,,,,,171.41,25,
2022-01-14 14:30:12.0802,1642170612,80200000,14,171.36,171.43,100,,,3
2022-01-14 14:30:12.0802,1642170612,80200000,,,,,171.39,100,
2022-01-14 14:30:12.0857,1642170612,85700000,129,171.32,171.42,100,,,10
2022-01-14 14:30:12.1354,1642170612,135400000,,,,,171.41,100,
2022-01-14 14:30:12.1354,1642170612,135400000,100,171.4,171.43,100,,,1
2022-01-14 14:30:12.1354,1642170612,135400000,,,,,171.42,100,
2022-01-14 14:30:12.1354,1642170612,135400000,100,171.4,171.43,30,,,1
2022-01-14 14:30:12.1354,1642170612,135400000,,,,,171.43,70,
2022-01-14 14:30:12.1629,1642170612,162900000,129,171.32,171.49,218,,,4
2022-01-14 14:30:12.1629,1642170612,162900000,,,,,171.4,100,
2022-01-14 14:30:12.1629,1642170612,162900000,,,,,171.39,25,
2022-01-14 14:30:12.1799,1642170612,179900000,100,171.33,171.48,100,,,5
2022-01-14 14:30:12.1799,1642170612,179900000,,,,,171.4,100,
2022-01-14 14:30:12.3504,1642170612,350400000,29,171.33,171.48,100,,,22
2022-01-14 14:30:12.3504,1642170612,350400000,,,,,171.43,100,
2022-01-14 14:30:12.3504,1642170612,350400000,29,171.33,171.45,100,,,3
2022-01-14 14:30:12.3789,1642170612,378900000,,,,,171.43,100,
2022-01-14 14:30:12.3789,1642170612,378900000,,,,,171.43,29,
2022-01-14 14:30:12.3789,1642170612,378900000,,,,,171.43,25,
2022-01-14 14:30:12.3789,1642170612,378900000,,,,,171.44,100,
2022-01-14 14:30:12.3789,1642170612,378900000,6,171.4,171.45,100,,,1
2022-01-14 14:30:12.3789,1642170612,378900000,,,,,171.44,100,
2022-01-14 14:30:12.3789,1642170612,378900000,,,,,171.44,25,
2022-01-14 14:30:12.3789,1642170612,378900000,,,,,171.44,100,
2022-01-14 14:30:12.3789,1642170612,378900000,,,,,171.44,100,
2022-01-14 14:30:12.8126,1642170612,812600000,100,171.32,171.41,85,,,17
2022-01-14 14:30:12.8126,1642170612,812600000,,,,,171.39,100,
2022-01-14 14:30:12.8535,1642170612,853500000,100,171.32,171.42,100,,,1
2022-01-14 14:30:12.8535,1642170612,853500000,,,,,171.4,150,
2022-01-14 14:30:12.8535,1642170612,853500000,,,,,171.4,25,
2022-01-14 14:30:12.8535,1642170612,853500000,200,171.32,171.42,100,,,1
2022-01-14 14:30:12.8592,1642170612,859200000,,,,,171.4,18,
2022-01-14 14:30:12.9984,1642170612,998400000,6000,171.4,171.45,200,,,5
2022-01-14 14:30:12.9984,1642170612,998400000,,,,,171.42,100,
2022-01-14 14:30:13.173,1642170613,173000000,100,171.32,171.45,200,,,5
2022-01-14 14:30:13.173,1642170613,173000000,,,,,171.43,25,
2022-01-14 14:30:13.2146,1642170613,214600000,100,171.32,171.45,100,,,4
2022-01-14 14:30:13.2146,1642170613,214600000,,,,,171.45,100,
2022-01-14 14:30:13.2146,1642170613,214600000,100,171.32,171.47,89,,,1
2022-01-14 14:30:13.2146,1642170613,214600000,,,,,171.45,100,
2022-01-14 14:30:13.2703,1642170613,270300000,25,171.38,171.45,6,,,7
2022-01-14 14:30:13.2703,1642170613,270300000,,,,,171.41,100,
2022-01-14 14:30:13.2703,1642170613,270300000,,,,,171.39,100,
2022-01-14 14:30:13.4229,1642170613,422900000,6100,171.44,171.49,129,,,25
2022-01-14 14:30:13.4229,1642170613,422900000,,,,,171.48,100,
2022-01-14 14:30:13.4229,1642170613,422900000,14,171.46,171.49,29,,,2
2022-01-14 14:30:13.4229,1642170613,422900000,,,,,171.49,100,
2022-01-14 14:30:13.4229,1642170613,422900000,14,171.46,171.5,100,,,1
2022-01-14 14:30:13.4229,1642170613,422900000,,,,,171.49,29,
2022-01-14 14:30:13.4393,1642170613,439300000,6091,171.48,171.51,299,,,7
2022-01-14 14:30:13.4393,1642170613,439300000,,,,,171.48,9,
2022-01-14 14:30:13.4393,1642170613,439300000,1559,171.48,171.51,299,,,1
2022-01-14 14:30:13.4393,1642170613,439300000,,,,,171.48,4532,
2022-01-14 14:30:13.4662,1642170613,466200000,5287,171.49,171.51,299,,,7
2022-01-14 14:30:13.4662,1642170613,466200000,,,,,171.49,100,
2022-01-14 14:30:13.5071,1642170613,507100000,5387,171.49,171.51,251,,,2
2022-01-14 14:30:13.5071,1642170613,507100000,,,,,171.51,48,
2022-01-14 14:30:13.5193,1642170613,519300000,5287,171.5,171.51,247,,,2
2022-01-14 14:30:13.5193,1642170613,519300000,,,,,171.51,4,
2022-01-14 14:30:13.525,1642170613,525000000,5387,171.5,171.51,100,,,2
2022-01-14 14:30:13.525,1642170613,525000000,,,,,171.51,147,
2022-01-14 14:30:13.525,1642170613,525000000,5287,171.5,171.51,100,,,1
2022-01-14 14:30:13.525,1642170613,525000000,,,,,171.5,100,
2022-01-14 14:30:13.525,1642170613,525000000,5157,171.5,171.51,100,,,1
2022-01-14 14:30:13.525,1642170613,525000000,,,,,171.5,130,
2022-01-14 14:30:13.525,1642170613,525000000,5157,171.5,171.51,99,,,1
2022-01-14 14:30:13.525,1642170613,525000000,,,,,171.51,1,
2022-01-14 14:30:13.525,1642170613,525000000,5157,171.5,171.53,25,,,1
2022-01-14 14:30:13.525,1642170613,525000000,,,,,171.51,99,
2022-01-14 14:30:13.525,1642170613,525000000,100,171.51,171.57,29,,,4
2022-01-14 14:30:13.525,1642170613,525000000,,,,,171.51,100,
2022-01-14 14:30:13.525,1642170613,525000000,5171,171.5,171.57,29,,,1
2022-01-14 14:30:13.525,1642170613,525000000,,,,,171.51,100,
2022-01-14 14:30:13.5362,1642170613,536200000,85,171.5,171.55,25,,,5
2022-01-14 14:30:13.5362,1642170613,536200000,,,,,171.51,5057,
2022-01-14 14:30:13.5362,1642170613,536200000,29,171.41,171.53,14,,,2
2022-01-14 14:30:13.5362,1642170613,536200000,,,,,171.5,85,
2022-01-14 14:30:13.5362,1642170613,536200000,29,171.41,171.52,100,,,3
2022-01-14 14:30:13.5362,1642170613,536200000,,,,,171.5,100,
2022-01-14 14:30:13.6899,1642170613,689900000,25,171.38,171.5,100,,,6
2022-01-14 14:30:13.8208,1642170613,820800000,,,,,171.49,1,
2022-01-14 14:30:15.1786,1642170615,178600000,100,171.41,171.54,89,,,14
2022-01-14 14:30:15.1786,1642170615,178600000,,,,,171.43,100,
2022-01-14 14:30:16.686,1642170616,686000000,25,171.48,171.55,25,,,47
2022-01-14 14:30:16.686,1642170616,686000000,,,,,171.52,100,
2022-01-14 14:30:16.686,1642170616,686000000,25,171.48,171.6,87,,,11
2022-01-14 14:30:16.686,1642170616,686000000,,,,,171.52,100,
2022-01-14 14:30:16.8492,1642170616,849200000,100,171.52,171.62,29,,,12
2022-01-14 14:30:16.8492,1642170616,849200000,,,,,171.53,100,
2022-01-14 14:30:17.0822,1642170617,82200000,125,171.48,171.63,122,,,7
2022-01-14 14:30:17.0822,1642170617,82200000,,,,,171.57,100,
2022-01-14 14:30:17.273,1642170617,273000000,100,171.53,171.59,100,,,11
2022-01-14 14:30:17.273,1642170617,273000000,,,,,171.53,100,
2022-01-14 14:30:17.7629,1642170617,762900000,25,171.57,171.63,33,,,17
2022-01-14 14:30:17.7629,1642170617,762900000,,,,,171.6,100,
2022-01-14 14:30:17.7629,1642170617,762900000,100,171.56,171.63,33,,,1
2022-01-14 14:30:17.7629,1642170617,762900000,,,,,171.57,25,
2022-01-14 14:30:17.8826,1642170617,882600000,300,171.52,171.63,33,,,12
2022-01-14 14:30:17.8826,1642170617,882600000,,,,,171.58,100,
2022-01-14 14:30:17.8826,1642170617,882600000,85,171.58,171.63,33,,,3
2022-01-14 14:30:17.8826,1642170617,882600000,,,,,171.61,100,
2022-01-14 14:30:17.8826,1642170617,882600000,125,171.57,171.63,33,,,5
2022-01-14 14:30:17.8826,1642170617,882600000,,,,,171.59,8,
2022-01-14 14:30:17.9318,1642170617,931800000,100,171.59,171.63,20,,,14
2022-01-14 14:30:17.9318,1642170617,931800000,,,,,171.63,13,
2022-01-14 14:30:17.9612,1642170617,961200000,100,171.61,171.66,25,,,4
2022-01-14 14:30:17.9612,1642170617,961200000,,,,,171.63,20,
2022-01-14 14:30:17.9817,1642170617,981700000,100,171.66,171.78,54,,,14
2022-01-14 14:30:17.9817,1642170617,981700000,,,,,171.69,25,
2022-01-14 14:30:17.9928,1642170617,992800000,30,171.68,171.71,100,,,6
2022-01-14 14:30:17.9928,1642170617,992800000,,,,,171.68,70,
2022-01-14 14:30:17.9928,1642170617,992800000,129,171.59,171.71,100,,,3
2022-01-14 14:30:17.9928,1642170617,992800000,,,,,171.67,100,
2022-01-14 14:30:18.0731,1642170618,73100000,25,171.66,171.71,100,,,16
2022-01-14 14:30:18.0731,1642170618,73100000,,,,,171.69,100,
2022-01-14 14:30:18.0731,1642170618,73100000,129,171.59,171.71,100,,,3
2022-01-14 14:30:18.0731,1642170618,73100000,,,,,171.7,14,
2022-01-14 14:30:18.0731,1642170618,73100000,17,171.69,171.71,100,,,4
2022-01-14 14:30:18.0731,1642170618,73100000,,,,,171.69,14,
2022-01-14 14:30:18.0731,1642170618,73100000,129,171.59,171.71,100,,,1
2022-01-14 14:30:18.0731,1642170618,73100000,,,,,171.69,14,
2022-01-14 14:30:18.0974,1642170618,97400000,100,171.66,171.71,100,,,5
2022-01-14 14:30:18.0974,1642170618,97400000,,,,,171.7,20,
2022-01-14 14:30:18.1659,1642170618,165900000,100,171.68,171.76,89,,,10
2022-01-14 14:30:18.1659,1642170618,165900000,,,,,171.71,100,
2022-01-14 14:30:18.2866,1642170618,286600000,6000,171.7,171.78,114,,,5
2022-01-14 14:30:18.2866,1642170618,286600000,,,,,171.71,100,
2022-01-14 14:30:18.2866,1642170618,286600000,4200,171.7,171.78,114,,,1
2022-01-14 14:30:18.2866,1642170618,286600000,,,,,171.7,1800,
2022-01-14 14:30:18.6597,1642170618,659700000,5496,171.7,171.77,89,,,24
2022-01-14 14:30:18.6597,1642170618,659700000,,,,,171.7,400,
2022-01-14 14:30:18.6597,1642170618,659700000,3500,171.7,171.77,89,,,1
2022-01-14 14:30:18.6597,1642170618,659700000,,,,,171.7,1996,
2022-01-14 14:30:18.6597,1642170618,659700000,100,171.67,171.77,89,,,1
2022-01-14 14:30:18.6597,1642170618,659700000,,,,,171.7,3500,
2022-01-14 14:30:18.6597,1642170618,659700000,100,171.67,171.74,14,,,3
2022-01-14 14:30:18.6597,1642170618,659700000,,,,,171.7,100,
2022-01-14 14:30:18.665,1642170618,665000000,2736,171.71,171.77,89,,,3
2022-01-14 14:30:18.665,1642170618,665000000,,,,,171.71,100,
2022-01-14 14:30:18.665,1642170618,665000000,2536,171.71,171.77,89,,,1
2022-01-14 14:30:18.665,1642170618,665000000,,,,,171.71,200,
2022-01-14 14:30:18.665,1642170618,665000000,2336,171.71,171.77,89,,,1
2022-01-14 14:30:18.665,1642170618,665000000,,,,,171.71,200,
2022-01-14 14:30:18.665,1642170618,665000000,1136,171.71,171.77,89,,,1
2022-01-14 14:30:18.665,1642170618,665000000,,,,,171.71,900,
2022-01-14 14:30:18.665,1642170618,665000000,100,171.67,171.77,89,,,1
2022-01-14 14:30:18.665,1642170618,665000000,,,,,171.71,1136,
2022-01-14 14:30:18.665,1642170618,665000000,100,171.67,171.77,89,,,4
2022-01-14 14:30:18.665,1642170618,665000000,,,,,171.71,100,
2022-01-14 14:30:18.7394,1642170618,739400000,5995,171.69,171.77,89,,,6
2022-01-14 14:30:18.7394,1642170618,739400000,,,,,171.69,5,
2022-01-14 14:30:18.7944,1642170618,794400000,3995,171.71,171.78,25,,,6
2022-01-14 14:30:18.7944,1642170618,794400000,,,,,171.71,2000,
2022-01-14 14:30:18.7944,1642170618,794400000,100,171.7,171.78,25,,,1
2022-01-14 14:30:18.7944,1642170618,794400000,,,,,171.71,3995,
2022-01-14 14:30:18.7944,1642170618,794400000,100,171.67,171.75,14,,,2
2022-01-14 14:30:18.7944,1642170618,794400000,,,,,171.7,100,
2022-01-14 14:30:18.844,1642170618,844000000,5900,171.72,171.78,25,,,9
2022-01-14 14:30:18.844,1642170618,844000000,,,,,171.72,100,
2022-01-14 14:30:18.8505,1642170618,850500000,100,171.67,171.78,25,,,3
2022-01-14 14:30:18.8505,1642170618,850500000,,,,,171.73,5900,
2022-01-14 14:30:18.963,1642170618,963000000,5000,171.73,171.78,25,,,13
2022-01-14 14:30:18.963,1642170618,963000000,,,,,171.75,50,
2022-01-14 14:30:18.963,1642170618,963000000,5008,171.73,171.78,225,,,4
2022-01-14 14:30:18.963,1642170618,963000000,,,,,171.74,14,
2022-01-14 14:30:18.963,1642170618,963000000,22,171.73,171.78,225,,,1
2022-01-14 14:30:18.963,1642170618,963000000,,,,,171.73,86,
2022-01-14 14:30:18.963,1642170618,963000000,100,171.67,171.75,152,,,7
2022-01-14 14:30:18.963,1642170618,963000000,,,,,171.75,9,
2022-01-14 14:30:19.2337,1642170619,233700000,6000,171.7,171.72,519,,,15
2022-01-14 14:30:19.2337,1642170619,233700000,,,,,171.72,100,
2022-01-14 14:30:19.2337,1642170619,233700000,6000,171.7,171.72,19,,,1
2022-01-14 14:30:19.2337,1642170619,233700000,,,,,171.72,500,
2022-01-14 14:30:19.2337,1642170619,233700000,6300,171.7,171.78,25,,,2
2022-01-14 14:30:19.2337,1642170619,233700000,,,,,171.72,19,
2022-01-14 14:30:19.2695,1642170619,269500000,100,171.67,171.82,29,,,9
2022-01-14 14:30:19.2695,1642170619,269500000,,,,,171.74,100,
2022-01-14 14:30:19.4311,1642170619,431100000,100,171.74,171.78,25,,,13
2022-01-14 14:30:19.4311,1642170619,431100000,,,,,171.74,6000,
2022-01-14 14:30:19.4311,1642170619,431100000,100,171.67,171.78,25,,,1
2022-01-14 14:30:19.4311,1642170619,431100000,,,,,171.74,100,
2022-01-14 14:30:19.5332,1642170619,533200000,4700,171.74,171.78,25,,,12
2022-01-14 14:30:19.5332,1642170619,533200000,,,,,171.74,300,
2022-01-14 14:30:19.5332,1642170619,533200000,2140,171.74,171.78,25,,,1
2022-01-14 14:30:19.5332,1642170619,533200000,,,,,171.74,2560,
2022-01-14 14:30:19.5332,1642170619,533200000,1840,171.74,171.78,25,,,1
2022-01-14 14:30:19.5332,1642170619,533200000,,,,,171.74,300,
2022-01-14 14:30:19.5332,1642170619,533200000,1831,171.74,171.78,25,,,1
2022-01-14 14:30:19.5332,1642170619,533200000,,,,,171.74,9,
2022-01-14 14:30:19.5332,1642170619,533200000,132,171.74,171.78,25,,,1
2022-01-14 14:30:19.5332,1642170619,533200000,,,,,171.74,1699,
2022-01-14 14:30:19.5332,1642170619,533200000,123,171.74,171.78,25,,,1
2022-01-14 14:30:19.5332,1642170619,533200000,,,,,171.74,9,
2022-01-14 14:30:19.5332,1642170619,533200000,100,171.74,171.78,25,,,1
2022-01-14 14:30:19.5332,1642170619,533200000,,,,,171.74,23,
2022-01-14 14:30:19.5332,1642170619,533200000,100,171.67,171.78,25,,,1
2022-01-14 14:30:19.5332,1642170619,533200000,,,,,171.74,100,
2022-01-14 14:30:19.7505,1642170619,750500000,95,171.74,171.78,25,,,11
2022-01-14 14:30:19.7505,1642170619,750500000,,,,,171.74,5,
2022-01-14 14:30:19.7505,1642170619,750500000,100,171.67,171.78,25,,,1
2022-01-14 14:30:19.7505,1642170619,750500000,,,,,171.74,95,
2022-01-14 14:30:19.9039,1642170619,903900000,100,171.67,171.74,200,,,8
2022-01-14 14:30:19.9039,1642170619,903900000,,,,,171.69,8,
2022-01-14 14:30:19.9039,1642170619,903900000,100,171.67,171.72,15,,,4
2022-01-14 14:30:19.9039,1642170619,903900000,,,,,171.67,100,
2022-01-14 14:30:19.9039,1642170619,903900000,29,171.65,171.72,15,,,1
2022-01-14 14:30:19.9039,1642170619,903900000,,,,,171.66,25,
2022-01-14 14:30:19.9831,1642170619,983100000,29,171.61,171.74,100,,,17
2022-01-14 14:30:19.9831,1642170619,983100000,,,,,171.7,300,
2022-01-14 14:30:20.628,1642170620,628000000,8,171.69,171.74,100,,,22
2022-01-14 14:30:20.628,1642170620,628000000,,,,,171.74,100,
2022-01-14 14:30:20.628,1642170620,628000000,8,171.69,171.78,25,,,1
2022-01-14 14:30:20.628,1642170620,628000000,,,,,171.74,100,
2022-01-14 14:30:20.6831,1642170620,683100000,85,171.76,171.82,29,,,8
2022-01-14 14:30:20.6831,1642170620,683100000,,,,,171.77,44,
2022-01-14 14:30:20.6831,1642170620,683100000,,,,,171.77,40,
2022-01-14 14:30:20.6831,1642170620,683100000,,,,,171.77,24,
2022-01-14 14:30:20.6831,1642170620,683100000,,,,,171.77,15,
2022-01-14 14:30:20.6831,1642170620,683100000,,,,,171.77,15,
2022-01-14 14:30:20.7116,1642170620,711600000,30,171.78,171.82,29,,,8
2022-01-14 14:30:20.7116,1642170620,711600000,,,,,171.78,70,
2022-01-14 14:30:20.7116,1642170620,711600000,29,171.69,171.82,29,,,1
2022-01-14 14:30:20.7116,1642170620,711600000,,,,,171.78,30,
2022-01-14 14:30:20.8048,1642170620,804800000,30,171.76,171.84,29,,,12
2022-01-14 14:30:20.8048,1642170620,804800000,,,,,171.78,100,
2022-01-14 14:30:20.8156,1642170620,815600000,200,171.78,171.84,29,,,12
2022-01-14 14:30:20.8156,1642170620,815600000,,,,,171.79,100,
2022-01-14 14:30:20.8331,1642170620,833100000,100,171.78,171.81,25,,,17
2022-01-14 14:30:20.8331,1642170620,833100000,,,,,171.78,200,
2022-01-14 14:30:20.8331,1642170620,833100000,105,171.76,171.81,25,,,1
2022-01-14 14:30:20.8331,1642170620,833100000,,,,,171.78,100,
2022-01-14 14:30:20.8331,1642170620,833100000,100,171.78,171.82,8,,,6
2022-01-14 14:30:20.8331,1642170620,833100000,,,,,171.8,98,
2022-01-14 14:30:20.8331,1642170620,833100000,,,,,171.8,277,
2022-01-14 14:30:20.8331,1642170620,833100000,105,171.76,171.8,8,,,7
2022-01-14 14:30:20.8331,1642170620,833100000,,,,,171.79,100,
2022-01-14 14:30:20.839,1642170620,839000000,105,171.76,171.79,98,,,2
2022-01-14 14:30:20.839,1642170620,839000000,,,,,171.79,2,
2022-01-14 14:30:20.839,1642170620,839000000,100,171.78,171.8,21,,,3
2022-01-14 14:30:20.839,1642170620,839000000,,,,,171.8,2,
2022-01-14 14:30:20.839,1642170620,839000000,2,171.79,171.82,8,,,3
2022-01-14 14:30:20.839,1642170620,839000000,,,,,171.8,8,
2022-01-14 14:30:20.8454,1642170620,845400000,104,171.78,171.8,108,,,13
2022-01-14 14:30:20.8454,1642170620,845400000,,,,,171.79,4,
2022-01-14 14:30:20.8454,1642170620,845400000,104,171.78,171.79,108,,,3
2022-01-14 14:30:20.8454,1642170620,845400000,,,,,171.79,100,
2022-01-14 14:30:20.8558,1642170620,855800000,104,171.78,171.8,15,,,1
2022-01-14 14:30:20.8558,1642170620,855800000,,,,,171.79,108,
2022-01-14 14:30:20.9632,1642170620,963200000,299,171.86,171.88,2,,,20
2022-01-14 14:30:20.9632,1642170620,963200000,,,,,171.86,1,
2022-01-14 14:30:20.9632,1642170620,963200000,100,171.79,171.88,2,,,1
2022-01-14 14:30:20.9632,1642170620,963200000,,,,,171.86,299,
2022-01-14 14:30:21.1806,1642170621,180600000,100,171.83,171.9,1,,,18
2022-01-14 14:30:21.1806,1642170621,180600000,,,,,171.88,2,
2022-01-14 14:30:21.2551,1642170621,255100000,100,171.85,171.89,4,,,7
2022-01-14 14:30:21.3148,1642170621,314800000,,,,,171.88,1,
2022-01-14 14:30:21.5514,1642170621,551400000,29,171.81,171.9,1,,,17
2022-01-14 14:30:21.5514,1642170621,551400000,,,,,171.88,100,
2022-01-14 14:30:21.6108,1642170621,610800000,29,171.81,171.88,85,,,6
2022-01-14 14:30:21.6108,1642170621,610800000,,,,,171.86,100,
2022-01-14 14:30:21.6225,1642170621,622500000,100,171.85,171.89,4,,,5
2022-01-14 14:30:21.6225,1642170621,622500000,,,,,171.87,100,
2022-01-14 14:30:21.6832,1642170621,683200000,6000,171.88,171.91,25,,,5
2022-01-14 14:30:21.6891,1642170621,689100000,,,,,171.9,1,
2022-01-14 14:30:21.6891,1642170621,689100000,15,171.89,171.94,29,,,2
2022-01-14 14:30:21.6891,1642170621,689100000,,,,,171.92,16,
2022-01-14 14:30:21.6891,1642170621,689100000,,,,,171.9,140,
2022-01-14 14:30:21.6891,1642170621,689100000,,,,,171.9,7,
2022-01-14 14:30:21.6891,1642170621,689100000,,,,,171.9,75,
2022-01-14 14:30:21.7298,1642170621,729800000,6100,171.91,171.98,29,,,11
2022-01-14 14:30:21.7298,1642170621,729800000,,,,,171.925,29,
2022-01-14 14:30:21.7599,1642170621,759900000,6099,171.91,171.98,29,,,1
2022-01-14 14:30:21.7599,1642170621,759900000,,,,,171.91,1,
2022-01-14 14:30:21.7599,1642170621,759900000,6099,171.91,171.98,29,,,2
2022-01-14 14:30:21.7599,1642170621,759900000,,,,,171.93,100,
2022-01-14 14:30:21.8055,1642170621,805500000,5499,171.92,171.98,29,,,1
2022-01-14 14:30:21.8055,1642170621,805500000,,,,,171.92,500,
2022-01-14 14:30:21.8382,1642170621,838200000,5529,171.92,171.98,29,,,2
2022-01-14 14:30:21.8382,1642170621,838200000,,,,,171.92,70,
2022-01-14 14:30:21.8441,1642170621,844100000,3529,171.92,171.98,29,,,1
2022-01-14 14:30:21.8441,1642170621,844100000,,,,,171.92,2000,
2022-01-14 14:30:21.8498,1642170621,849800000,2429,171.93,171.98,29,,,1
2022-01-14 14:30:21.8498,1642170621,849800000,,,,,171.93,1000,
2022-01-14 14:30:21.8682,1642170621,868200000,2329,171.93,172,89,,,3
2022-01-14 14:30:21.8682,1642170621,868200000,,,,,171.93,200,
2022-01-14 14:30:21.8682,1642170621,868200000,2129,171.93,172,89,,,1
2022-01-14 14:30:21.8682,1642170621,868200000,,,,,171.93,200,
2022-01-14 14:30:21.8682,1642170621,868200000,1910,171.93,172,89,,,1
2022-01-14 14:30:21.8682,1642170621,868200000,,,,,171.93,219,
2022-01-14 14:30:21.8738,1642170621,873800000,148,171.93,172,89,,,1
2022-01-14 14:30:21.8738,1642170621,873800000,,,,,171.93,1762,
2022-01-14 14:30:21.8738,1642170621,873800000,25,171.88,172,89,,,1
2022-01-14 14:30:21.8738,1642170621,873800000,,,,,171.93,24,
2022-01-14 14:30:21.8738,1642170621,873800000,29,171.84,171.94,25,,,3
2022-01-14 14:30:21.8738,1642170621,873800000,,,,,171.93,100,
2022-01-14 14:30:21.8738,1642170621,873800000,,,,,171.93,100,
2022-01-14 14:30:21.8795,1642170621,879500000,,,,,171.92,96,
2022-01-14 14:30:21.894,1642170621,894000000,4177,171.93,171.94,4,,,5
2022-01-14 14:30:21.894,1642170621,894000000,,,,,171.93,4,
2022-01-14 14:30:21.9054,1642170621,905400000,100,171.9,172,89,,,7
2022-01-14 14:30:21.9054,1642170621,905400000,,,,,171.94,25,
2022-01-14 14:30:22.0044,1642170622,4400000,100,171.9,172,89,,,11
2022-01-14 14:30:22.0044,1642170622,4400000,,,,,171.95,4,
2022-01-14 14:30:22.0105,1642170622,10500000,4,171.92,172,89,,,6
2022-01-14 14:30:22.0105,1642170622,10500000,,,,,171.94,11,
2022-01-14 14:30:22.1142,1642170622,114200000,4,171.92,172,89,,,198
2022-01-14 14:30:22.1538,1642170622,153800000,,,,,171.94,4,
2022-01-14 14:30:22.2793,1642170622,279300000,4,171.92,172,89,,,10
2022-01-14 14:30:22.2793,1642170622,279300000,,,,,171.95,4152,
2022-01-14 14:30:22.4453,1642170622,445300000,100,171.91,171.95,79,,,8
2022-01-14 14:30:22.4453,1642170622,445300000,,,,,171.92,4,
2022-01-14 14:30:22.9498,1642170622,949800000,100,171.91,171.96,29,,,18
2022-01-14 14:30:22.9498,1642170622,949800000,,,,,171.91,100,
2022-01-14 14:30:22.9498,1642170622,949800000,,,,,171.91,100,
2022-01-14 14:30:23.7383,1642170623,738300000,25,171.89,171.96,129,,,5
2022-01-14 14:30:23.7383,1642170623,738300000,,,,,171.91,100,
2022-01-14 14:30:23.7383,1642170623,738300000,,,,,171.91,100,
2022-01-14 14:30:23.9431,1642170623,943100000,100,171.91,171.95,288,,,28
2022-01-14 14:30:23.9431,1642170623,943100000,,,,,171.91,100,
2022-01-14 14:30:23.9431,1642170623,943100000,100,171.9,171.95,288,,,1
2022-01-14 14:30:23.9431,1642170623,943100000,,,,,171.91,100,
2022-01-14 14:30:24.5455,1642170624,545500000,25,171.88,171.94,104,,,27
2022-01-14 14:30:24.6632,1642170624,663200000,,,,,171.93,100,
2022-01-14 14:30:24.6632,1642170624,663200000,25,171.88,171.94,100,,,3
2022-01-14 14:30:24.6632,1642170624,663200000,,,,,171.93,100,
2022-01-14 14:30:24.7825,1642170624,782500000,100,171.92,171.97,4,,,40
2022-01-14 14:30:24.7825,1642170624,782500000,,,,,171.96,100,
2022-01-14 14:30:24.7825,1642170624,782500000,100,171.92,171.94,106,,,2
2022-01-14 14:30:24.7825,1642170624,782500000,,,,,171.93,100,
2022-01-14 14:30:24.8689,1642170624,868900000,25,171.88,171.94,114,,,4
2022-01-14 14:30:24.8689,1642170624,868900000,,,,,171.92,100,
2022-01-14 14:30:25.0525,1642170625,52500000,25,171.88,171.93,101,,,9
2022-01-14 14:30:25.0525,1642170625,52500000,,,,,171.9,100,
2022-01-14 14:30:25.0831,1642170625,83100000,100,171.83,171.91,105,,,12
2022-01-14 14:30:25.0831,1642170625,83100000,,,,,171.89,100,
2022-01-14 14:30:25.0831,1642170625,83100000,100,171.83,171.9,101,,,6
2022-01-14 14:30:25.0831,1642170625,83100000,,,,,171.89,100,
2022-01-14 14:30:25.1912,1642170625,191200000,100,171.83,171.89,101,,,5
2022-01-14 14:30:25.1912,1642170625,191200000,,,,,171.88,100,
2022-01-14 14:30:25.3114,1642170625,311400000,4,171.85,171.87,101,,,14
2022-01-14 14:30:25.3114,1642170625,311400000,,,,,171.85,96,
2022-01-14 14:30:25.3114,1642170625,311400000,100,171.83,171.85,193,,,4
2022-01-14 14:30:25.3114,1642170625,311400000,,,,,171.85,8,
2022-01-14 14:30:25.3114,1642170625,311400000,100,171.84,171.85,101,,,2
2022-01-14 14:30:25.3114,1642170625,311400000,,,,,171.85,92,
2022-01-14 14:30:25.3114,1642170625,311400000,100,171.84,171.88,4,,,1
2022-01-14 14:30:25.3114,1642170625,311400000,,,,,171.85,101,
2022-01-14 14:30:25.4297,1642170625,429700000,100,171.84,171.89,4,,,19
2022-01-14 14:30:25.5335,1642170625,533500000,,,,,171.87,85,
2022-01-14 14:30:25.5335,1642170625,533500000,100,171.84,171.92,204,,,1
2022-01-14 14:30:25.5335,1642170625,533500000,,,,,171.89,4,
2022-01-14 14:30:25.5335,1642170625,533500000,4,171.87,171.92,204,,,3
2022-01-14 14:30:25.5335,1642170625,533500000,,,,,171.91,100,
2022-01-14 14:30:25.5335,1642170625,533500000,4,171.87,171.92,192,,,1
2022-01-14 14:30:25.5335,1642170625,533500000,,,,,171.92,12,
2022-01-14 14:30:25.8261,1642170625,826100000,25,171.79,171.88,100,,,31
2022-01-14 14:30:25.8261,1642170625,826100000,,,,,171.83,100,
2022-01-14 14:30:25.977,1642170625,977000000,99,171.83,171.86,100,,,8
2022-01-14 14:30:25.977,1642170625,977000000,,,,,171.83,1,
2022-01-14 14:30:26.1732,1642170626,173200000,25,171.79,171.87,25,,,7
2022-01-14 14:30:26.1732,1642170626,173200000,,,,,171.82,100,
2022-01-14 14:30:26.2534,1642170626,253400000,25,171.79,171.87,25,,,20
2022-01-14 14:30:26.2534,1642170626,253400000,,,,,171.82,4,
2022-01-14 14:30:26.4413,1642170626,441300000,25,171.79,171.87,25,,,2
2022-01-14 14:30:26.4413,1642170626,441300000,,,,,171.84,100,
2022-01-14 14:30:26.4464,1642170626,446400000,100,171.8,171.87,25,,,2
2022-01-14 14:30:26.4464,1642170626,446400000,,,,,171.81,15,
2022-01-14 14:30:26.6876,1642170626,687600000,100,171.77,171.8,100,,,22
2022-01-14 14:30:26.6876,1642170626,687600000,,,,,171.78,4,
2022-01-14 14:30:26.6876,1642170626,687600000,58,171.77,171.8,100,,,1
2022-01-14 14:30:26.6876,1642170626,687600000,,,,,171.77,42,
2022-01-14 14:30:26.8076,1642170626,807600000,25,171.75,171.78,222,,,11
2022-01-14 14:30:26.8076,1642170626,807600000,,,,,171.76,100,
2022-01-14 14:30:27.2104,1642170627,210400000,25,171.74,171.76,4,,,20
2022-01-14 14:30:27.2104,1642170627,210400000,,,,,171.75,100,
2022-01-14 14:30:27.591,1642170627,591000000,100,171.7,171.8,204,,,68
2022-01-14 14:30:27.591,1642170627,591000000,,,,,171.75,100,
2022-01-14 14:30:28.6991,1642170628,699100000,100,171.71,171.76,96,,,28
2022-01-14 14:30:28.6991,1642170628,699100000,,,,,171.76,4,
2022-01-14 14:30:28.6991,1642170628,699100000,100,171.71,171.77,4,,,1
2022-01-14 14:30:28.6991,1642170628,699100000,,,,,171.76,96,
2022-01-14 14:30:28.7045,1642170628,704500000,125,171.74,171.78,204,,,5
2022-01-14 14:30:28.7045,1642170628,704500000,,,,,171.77,4,
2022-01-14 14:30:29.0075,1642170629,7500000,4,171.79,171.83,200,,,120
2022-01-14 14:30:29.0075,1642170629,7500000,,,,,171.8,4,
2022-01-14 14:30:30.0932,1642170630,93200000,104,171.81,171.83,172,,,156
2022-01-14 14:30:30.0932,1642170630,93200000,,,,,171.83,9,
2022-01-14 14:30:30.0932,1642170630,93200000,104,171.81,171.83,170,,,1
2022-01-14 14:30:30.0932,1642170630,93200000,,,,,171.83,2,
2022-01-14 14:30:30.0932,1642170630,93200000,104,171.81,171.83,100,,,1
2022-01-14 14:30:30.0932,1642170630,93200000,,,,,171.83,70,
2022-01-14 14:30:30.0932,1642170630,93200000,104,171.81,171.84,3,,,1
2022-01-14 14:30:30.0932,1642170630,93200000,,,,,171.83,100,
2022-01-14 14:30:30.0932,1642170630,93200000,104,171.82,171.86,100,,,5
2022-01-14 14:30:30.0932,1642170630,93200000,,,,,171.84,3,
2022-01-14 14:30:30.4579,1642170630,457900000,204,171.85,171.92,8,,,27
2022-01-14 14:30:30.4579,1642170630,457900000,,,,,171.9,100,
2022-01-14 14:30:30.4579,1642170630,457900000,11,171.88,171.92,4,,,4
2022-01-14 14:30:30.4579,1642170630,457900000,,,,,171.89,11,
2022-01-14 14:30:31.4907,1642170631,490700000,104,171.83,171.88,100,,,91
2022-01-14 14:30:31.4907,1642170631,490700000,,,,,171.84,4,
2022-01-14 14:30:31.4907,1642170631,490700000,4,171.83,171.86,120,,,5
2022-01-14 14:30:31.4907,1642170631,490700000,,,,,171.83,100,
2022-01-14 14:30:31.4907,1642170631,490700000,4,171.82,171.86,120,,,1
2022-01-14 14:30:31.4907,1642170631,490700000,,,,,171.83,4,
2022-01-14 14:30:31.4907,1642170631,490700000,90,171.83,171.86,120,,,2
2022-01-14 14:30:31.4907,1642170631,490700000,,,,,171.83,10,
2022-01-14 14:30:31.6543,1642170631,654300000,4,171.8,171.83,8,,,7
2022-01-14 14:30:31.6543,1642170631,654300000,,,,,171.81,100,
2022-01-14 14:30:31.8633,1642170631,863300000,2,171.76,171.82,100,,,17
2022-01-14 14:30:31.8633,1642170631,863300000,,,,,171.79,100,
2022-01-14 14:30:32.258,1642170632,258000000,2,171.76,171.79,4,,,32
2022-01-14 14:30:32.258,1642170632,258000000,,,,,171.79,4,
2022-01-14 14:30:32.258,1642170632,258000000,200,171.77,171.8,190,,,5
2022-01-14 14:30:32.258,1642170632,258000000,,,,,171.8,18,
2022-01-14 14:30:32.2853,1642170632,285300000,300,171.78,171.83,8,,,9
2022-01-14 14:30:32.2853,1642170632,285300000,,,,,171.8,4,
2022-01-14 14:30:32.2853,1642170632,285300000,,,,,171.8,4,
2022-01-14 14:30:33.0039,1642170633,3900000,100,171.76,171.8,104,,,26
2022-01-14 14:30:33.0039,1642170633,3900000,,,,,171.76,2,
2022-01-14 14:30:33.0039,1642170633,3900000,9,171.75,171.8,104,,,1
2022-01-14 14:30:33.0039,1642170633,3900000,,,,,171.76,100,
2022-01-14 14:30:33.0095,1642170633,9500000,4,171.74,171.77,4,,,11
2022-01-14 14:30:33.0095,1642170633,9500000,,,,,171.75,5,
2022-01-14 14:30:33.2206,1642170633,220600000,100,171.75,171.79,108,,,118
2022-01-14 14:30:33.2206,1642170633,220600000,,,,,171.79,96,
2022-01-14 14:30:34.0795,1642170634,79500000,200,171.71,171.78,4,,,167
2022-01-14 14:30:34.0795,1642170634,79500000,,,,,171.72,100,
2022-01-14 14:30:34.0795,1642170634,79500000,200,171.71,171.75,27,,,4
2022-01-14 14:30:34.0795,1642170634,79500000,,,,,171.71,70,
2022-01-14 14:30:34.0826,1642170634,82600000,196,171.71,171.74,200,,,2
2022-01-14 14:30:34.0826,1642170634,82600000,,,,,171.71,4,
2022-01-14 14:30:34.0826,1642170634,82600000,29,171.66,171.74,200,,,1
2022-01-14 14:30:34.0826,1642170634,82600000,,,,,171.71,100,
2022-01-14 14:30:34.3161,1642170634,316100000,25,171.66,171.74,100,,,20
2022-01-14 14:30:34.3161,1642170634,316100000,,,,,171.69,100,
2022-01-14 14:30:34.4687,1642170634,468700000,100,171.68,171.73,200,,,22
2022-01-14 14:30:34.4687,1642170634,468700000,,,,,171.69,150,
2022-01-14 14:30:34.8682,1642170634,868200000,100,171.69,171.72,223,,,47
2022-01-14 14:30:34.8682,1642170634,868200000,,,,,171.71,1,
2022-01-14 14:30:34.8682,1642170634,868200000,100,171.69,171.72,1,,,1
2022-01-14 14:30:34.8682,1642170634,868200000,,,,,171.72,99,
2022-01-14 14:30:34.8682,1642170634,868200000,100,171.69,171.74,15,,,1
2022-01-14 14:30:34.8682,1642170634,868200000,,,,,171.72,1,
2022-01-14 14:30:34.8793,1642170634,879300000,16,171.7,171.74,15,,,4
2022-01-14 14:30:34.8793,1642170634,879300000,,,,,171.72,100,
2022-01-14 14:30:34.8968,1642170634,896800000,600,171.69,171.74,15,,,7
2022-01-14 14:30:34.8968,1642170634,896800000,,,,,171.71,100,
2022-01-14 14:30:35.0808,1642170635,80800000,100,171.7,171.73,63,,,8
2022-01-14 14:30:35.0808,1642170635,80800000,,,,,171.72,25,
2022-01-14 14:30:35.0997,1642170635,99700000,100,171.71,171.73,128,,,8
2022-01-14 14:30:35.0997,1642170635,99700000,,,,,171.72,16,
2022-01-14 14:30:35.0997,1642170635,99700000,100,171.72,171.73,104,,,2
2022-01-14 14:30:35.0997,1642170635,99700000,,,,,171.73,24,
2022-01-14 14:30:35.0997,1642170635,99700000,100,171.72,171.73,28,,,1
2022-01-14 14:30:35.0997,1642170635,99700000,,,,,171.73,37,
2022-01-14 14:30:35.1172,1642170635,117200000,500,171.69,171.73,39,,,4
2022-01-14 14:30:35.1172,1642170635,117200000,,,,,171.72,100,
2022-01-14 14:30:35.4334,1642170635,433400000,100,171.7,171.74,15,,,10
2022-01-14 14:30:35.4334,1642170635,433400000,,,,,171.73,16,
2022-01-14 14:30:35.4334,1642170635,433400000,16,171.71,171.74,115,,,5
2022-01-14 14:30:35.4334,1642170635,433400000,,,,,171.71,11,
2022-01-14 14:30:35.4334,1642170635,433400000,100,171.7,171.74,115,,,1
2022-01-14 14:30:35.4334,1642170635,433400000,,,,,171.71,4,
2022-01-14 14:30:35.4334,1642170635,433400000,100,171.69,171.73,35,,,3
2022-01-14 14:30:35.4334,1642170635,433400000,,,,,171.72,4,
2022-01-14 14:30:35.4334,1642170635,433400000,11,171.71,171.74,115,,,12
2022-01-14 14:30:35.4334,1642170635,433400000,,,,,171.73,10,
2022-01-14 14:30:35.4396,1642170635,439600000,16,171.72,171.74,15,,,6
2022-01-14 14:30:35.4396,1642170635,439600000,,,,,171.73,100,
2022-01-14 14:30:35.5075,1642170635,507500000,11,171.71,171.74,15,,,21
2022-01-14 14:30:35.5075,1642170635,507500000,,,,,171.73,28,
2022-01-14 14:30:35.5075,1642170635,507500000,11,171.71,171.74,115,,,3
2022-01-14 14:30:35.5075,1642170635,507500000,,,,,171.73,11,
2022-01-14 14:30:36.4247,1642170636,424700000,100,171.69,171.72,100,,,25
2022-01-14 14:30:36.4247,1642170636,424700000,,,,,171.69,100,
2022-01-14 14:30:36.4247,1642170636,424700000,700,171.68,171.72,100,,,1
2022-01-14 14:30:36.4247,1642170636,424700000,,,,,171.69,100,
2022-01-14 14:30:36.598,1642170636,598000000,300,171.68,171.73,258,,,22
2022-01-14 14:30:36.598,1642170636,598000000,,,,,171.7,100,
2022-01-14 14:30:36.598,1642170636,598000000,3225,171.66,171.71,200,,,5
2022-01-14 14:30:36.598,1642170636,598000000,,,,,171.68,300,
2022-01-14 14:30:36.7017,1642170636,701700000,800,171.69,171.73,158,,,11
2022-01-14 14:30:36.71,1642170636,710000000,,,,,171.73,53,
2022-01-14 14:30:36.9299,1642170636,929900000,200,171.69,171.73,60,,,8
2022-01-14 14:30:36.9299,1642170636,929900000,,,,,171.73,42,
2022-01-14 14:30:36.9299,1642170636,929900000,200,171.69,171.73,56,,,1
2022-01-14 14:30:36.9299,1642170636,929900000,,,,,171.73,4,
2022-01-14 14:30:37.0156,1642170637,15600000,100,171.7,171.74,15,,,4
2022-01-14 14:30:37.0156,1642170637,15600000,,,,,171.73,2,
2022-01-14 14:30:37.1378,1642170637,137800000,200,171.72,171.75,100,,,8
2022-01-14 14:30:37.1378,1642170637,137800000,,,,,171.74,15,
2022-01-14 14:30:37.1431,1642170637,143100000,11,171.73,171.78,4,,,3
2022-01-14 14:30:37.1431,1642170637,143100000,,,,,171.75,100,
2022-01-14 14:30:38.3941,1642170638,394100000,99,171.71,171.77,100,,,44
2022-01-14 14:30:38.3941,1642170638,394100000,,,,,171.71,1,
2022-01-14 14:30:38.853,1642170638,853000000,10,171.71,171.78,4,,,13
2022-01-14 14:30:38.853,1642170638,853000000,,,,,171.77,100,
2022-01-14 14:30:40.0469,1642170640,46900000,250,171.77,171.81,4,,,39
2022-01-14 14:30:40.0469,1642170640,46900000,,,,,171.8,4,
2022-01-14 14:30:40.0469,1642170640,46900000,,,,,171.8,2,
2022-01-14 14:30:40.0556,1642170640,55600000,100,171.8,171.84,4,,,8
2022-01-14 14:30:40.0556,1642170640,55600000,,,,,171.84,4,
2022-01-14 14:30:40.0556,1642170640,55600000,100,171.8,171.85,24,,,1
2022-01-14 14:30:40.0556,1642170640,55600000,,,,,171.84,4,
2022-01-14 14:30:40.0556,1642170640,55600000,100,171.8,171.82,85,,,4
2022-01-14 14:30:40.0556,1642170640,55600000,,,,,171.81,4,
2022-01-14 14:30:40.0556,1642170640,55600000,23,171.84,171.85,124,,,3
2022-01-14 14:30:40.0556,1642170640,55600000,,,,,171.81,85,
2022-01-14 14:30:40.0556,1642170640,55600000,100,171.8,171.85,124,,,1
2022-01-14 14:30:40.0556,1642170640,55600000,,,,,171.84,23,
2022-01-14 14:30:40.0639,1642170640,63900000,4,171.78,171.84,200,,,6
2022-01-14 14:30:40.0639,1642170640,63900000,,,,,171.82,14,
2022-01-14 14:30:40.0722,1642170640,72200000,4,171.78,171.85,91,,,15
2022-01-14 14:30:40.0722,1642170640,72200000,,,,,171.85,109,
2022-01-14 14:30:40.1106,1642170640,110600000,77,171.84,171.86,104,,,22
2022-01-14 14:30:40.1106,1642170640,110600000,,,,,171.845,8,
2022-01-14 14:30:40.6704,1642170640,670400000,4,171.81,171.87,600,,,32
2022-01-14 14:30:40.6704,1642170640,670400000,,,,,171.83,4,
2022-01-14 14:30:40.6704,1642170640,670400000,4,171.78,171.85,16,,,5
2022-01-14 14:30:40.6704,1642170640,670400000,,,,,171.83,4,
2022-01-14 14:30:40.6704,1642170640,670400000,90,171.83,171.85,100,,,3
2022-01-14 14:30:40.6704,1642170640,670400000,,,,,171.83,10,
2022-01-14 14:30:40.6704,1642170640,670400000,80,171.83,171.85,100,,,1
2022-01-14 14:30:40.6704,1642170640,670400000,,,,,171.83,10,
2022-01-14 14:30:40.6704,1642170640,670400000,100,171.81,171.86,200,,,2
2022-01-14 14:30:40.6704,1642170640,670400000,,,,,171.83,80,
2022-01-14 14:30:40.6704,1642170640,670400000,4,171.78,171.86,200,,,9
2022-01-14 14:30:40.6704,1642170640,670400000,,,,,171.83,7,
2022-01-14 14:30:40.9821,1642170640,982100000,4,171.83,171.87,601,,,16
2022-01-14 14:30:40.9873,1642170640,987300000,,,,,171.83,8,
2022-01-14 14:30:40.9873,1642170640,987300000,16,171.83,171.85,111,,,5
2022-01-14 14:30:40.9873,1642170640,987300000,,,,,171.83,84,
2022-01-14 14:30:40.9873,1642170640,987300000,6,171.83,171.85,111,,,1
2022-01-14 14:30:40.9873,1642170640,987300000,,,,,171.83,10,
2022-01-14 14:30:40.9873,1642170640,987300000,4,171.78,171.85,111,,,1
2022-01-14 14:30:40.9873,1642170640,987300000,,,,,171.83,6,
2022-01-14 14:30:40.9985,1642170640,998500000,68,171.81,171.86,250,,,14
2022-01-14 14:30:40.9985,1642170640,998500000,,,,,171.81,32,
2022-01-14 14:30:40.9985,1642170640,998500000,39,171.81,171.84,11,,,2
2022-01-14 14:30:40.9985,1642170640,998500000,,,,,171.81,29,
2022-01-14 14:30:41.9867,1642170641,986700000,210,171.81,171.85,304,,,25
2022-01-14 14:30:41.9867,1642170641,986700000,,,,,171.81,100,
2022-01-14 14:30:41.9867,1642170641,986700000,66,171.81,171.85,304,,,1
2022-01-14 14:30:41.9867,1642170641,986700000,,,,,171.81,144,
2022-01-14 14:30:41.9867,1642170641,986700000,10,171.81,171.85,304,,,1
2022-01-14 14:30:41.9867,1642170641,986700000,,,,,171.81,56,
2022-01-14 14:30:41.9867,1642170641,986700000,100,171.8,171.85,304,,,1
2022-01-14 14:30:41.9867,1642170641,986700000,,,,,171.81,10,
2022-01-14 14:30:42.1484,1642170642,148400000,204,171.78,171.83,204,,,12
2022-01-14 14:30:42.1484,1642170642,148400000,,,,,171.8,100,
2022-01-14 14:30:42.2158,1642170642,215800000,300,171.79,171.83,100,,,10
2022-01-14 14:30:42.2158,1642170642,215800000,,,,,171.81,100,
2022-01-14 14:30:42.2209,1642170642,220900000,204,171.78,171.83,4,,,18
2022-01-14 14:30:42.2209,1642170642,220900000,,,,,171.82,4,
2022-01-14 14:30:42.2209,1642170642,220900000,,,,,171.82,4,
2022-01-14 14:30:42.2209,1642170642,220900000,204,171.78,171.84,200,,,1
2022-01-14 14:30:42.2209,1642170642,220900000,,,,,171.83,6,
2022-01-14 14:30:42.7954,1642170642,795400000,11,171.82,171.85,209,,,64
2022-01-14 14:30:42.7954,1642170642,795400000,,,,,171.84,100,
2022-01-14 14:30:42.8032,1642170642,803200000,24,171.83,171.86,204,,,4
2022-01-14 14:30:42.8032,1642170642,803200000,,,,,171.85,1,
2022-01-14 14:30:42.8032,1642170642,803200000,11,171.84,171.87,501,,,3
2022-01-14 14:30:42.8032,1642170642,803200000,,,,,171.86,4,
2022-01-14 14:30:42.9984,1642170642,998400000,8,171.83,171.87,521,,,26
2022-01-14 14:30:42.9984,1642170642,998400000,,,,,171.87,80,
2022-01-14 14:30:42.9984,1642170642,998400000,8,171.83,171.87,101,,,1
2022-01-14 14:30:42.9984,1642170642,998400000,,,,,171.87,420,
2022-01-14 14:30:43.0037,1642170643,3700000,8,171.83,171.9,4,,,1
2022-01-14 14:30:43.0037,1642170643,3700000,,,,,171.87,100,
2022-01-14 14:30:43.0586,1642170643,58600000,72,171.88,171.92,104,,,29
2022-01-14 14:30:43.0586,1642170643,58600000,,,,,171.88,28,
2022-01-14 14:30:43.3933,1642170643,393300000,16,171.86,171.88,16,,,41
2022-01-14 14:30:43.3933,1642170643,393300000,,,,,171.87,100,
2022-01-14 14:30:43.3933,1642170643,393300000,16,171.86,171.89,16,,,1
2022-01-14 14:30:43.3933,1642170643,393300000,,,,,171.87,16,
2022-01-14 14:30:43.4618,1642170643,461800000,50,171.85,171.9,4,,,8
2022-01-14 14:30:43.4618,1642170643,461800000,,,,,171.86,16,
2022-01-14 14:30:43.4618,1642170643,461800000,20,171.84,171.9,4,,,1
2022-01-14 14:30:43.4618,1642170643,461800000,,,,,171.85,66,
2022-01-14 14:30:43.4644,1642170643,464400000,284,171.83,171.9,4,,,2
2022-01-14 14:30:43.4644,1642170643,464400000,,,,,171.83,8,
2022-01-14 14:30:43.4644,1642170643,464400000,322,171.83,171.89,100,,,1
2022-01-14 14:30:43.4644,1642170643,464400000,,,,,171.83,16,
2022-01-14 14:30:43.4694,1642170643,469400000,316,171.83,171.89,128,,,1
2022-01-14 14:30:43.4694,1642170643,469400000,,,,,171.83,6,
2022-01-14 14:30:43.4694,1642170643,469400000,314,171.83,171.86,50,,,1
2022-01-14 14:30:43.4694,1642170643,469400000,,,,,171.83,2,
2022-01-14 14:30:43.4694,1642170643,469400000,312,171.83,171.86,50,,,1
2022-01-14 14:30:43.4694,1642170643,469400000,,,,,171.83,2,
2022-01-14 14:30:43.4694,1642170643,469400000,8,171.81,171.85,100,,,1
